,Title,Director,Writers,Release Date,Revenue,Actors,Wrters,Unnamed: 0,Movie Title,Review,Number of RT Reviews,Year,movie_ID,movie_title,year,genres,avg_rating,numVotes,directorID,director_name
0,Chicken Run,"['Peter Lord', 'Nick Park']",,"Jun 21, 2000","$106,604,314",,"['Jack Rosenthal', 'Karey Kirkpatrick']",0.0,Chicken Run,97%,171.0,2000.0,tt0120630,Chicken Run,2000.0,"Adventure,Animation,Comedy",7.0,162266.0,"nm0520485,nm0661910",
2,The Taste of Others,['Agnès Jaoui'],,"Jan 1, 2000","

                                112 minutes
                            
",,"['Jean-Pierre Bacri', 'Agnès Jaoui']",,,,,,,,,,,,,
3,The Life and Times of Hank Greenberg,['Aviva Kempner'],,"Jan 12, 2000","

                                89 minutes
                            
",,['Aviva Kempner'],3.0,The Life and Times of Hank Greenberg,97%,65.0,2000.0,,,,,,,,
4,Yi Yi,['Edward Yang'],,"Oct 6, 2000","

                                173 minutes
                            
",,['Edward Yang'],4.0,Yi Yi,96%,83.0,2000.0,tt0244316,Yi Yi,2000.0,"Drama,Romance",8.1,16786.0,nm0945981,Edward Yang
5,You Can Count On Me,['Kenneth Lonergan'],,"Nov 10, 2000","$8,409,329",,['Kenneth Lonergan'],5.0,You Can Count On Me,95%,103.0,2000.0,,,,,,,,
6,Memento,['Christopher Nolan'],,"Sep 5, 2000","$23,844,220",,['Christopher Nolan'],6.0,Memento,92%,172.0,2000.0,tt0209144,Memento,2000.0,"Mystery,Thriller",8.5,1019199.0,nm0634240,Christopher Nolan
7,Best in Show,['Christopher Guest'],,"Sep 29, 2000","$16,574,225",,"['Christopher Guest', 'Eugene Levy']",7.0,Best in Show,94%,112.0,2000.0,tt0218839,Best in Show,2000.0,Comedy,7.5,50942.0,nm0001302,Christopher Guest
8,Croupier,['Mike Hodges'],,"Apr 21, 2000","

                                91 minutes
                            
",,['Paul Mayersberg'],9.0,Croupier,96%,57.0,2000.0,,,,,,,,
9,Dark Days,['Marc Singer'],,"Sep 25, 2001","
                        
                            Picture Farm
                        
                    ",,[],11.0,Dark Days,94%,68.0,2000.0,tt0235327,Dark Days,2000.0,Documentary,7.8,6028.0,nm0003786,Marc Singer
10,Not One Less,['Yimou Zhang'],,"Feb 18, 2000","

                                106 minutes
                            
",,"['Xiangsheng Shi', 'Xiangsheng Shi']",12.0,Not One Less,95%,44.0,2000.0,,,,,,,,
11,The Filth and the Fury,['Julien Temple'],,"Oct 10, 2000","
                        
                            WARNER BROTHERS PICTURES
                        
                    ",,[],13.0,The Filth and the Fury,95%,40.0,2000.0,tt0236216,The Filth and the Fury,2000.0,"Biography,Documentary,Music",7.7,5288.0,nm0854697,Julien Temple
12,Almost Famous,['Cameron Crowe'],,"Sep 15, 2000","$31,716,715",,['Cameron Crowe'],14.0,Almost Famous,89%,166.0,2000.0,tt0181875,Almost Famous,2000.0,"Adventure,Comedy,Drama",7.9,233302.0,nm0001081,Cameron Crowe
13,Cast Away,['Robert Zemeckis'],,"Dec 22, 2000","

                                143 minutes
                            
",,['William Broyles'],15.0,Cast Away,88%,155.0,2000.0,tt0162222,Cast Away,2000.0,"Adventure,Drama,Romance",7.8,467749.0,nm0000709,Robert Zemeckis
14,Sexy Beast,['Jonathan Glazer'],,"Apr 1, 2000","$5,972,627",,"['Louis Mellis', 'David Scinto']",20.0,Sexy Beast,86%,130.0,2000.0,tt0203119,Sexy Beast,2000.0,"Crime,Drama,Thriller",7.3,49778.0,nm0322242,Jonathan Glazer
15,Girlfight,['Karyn Kusama'],,"Sep 29, 2000","$778,046",,['Karyn Kusama'],22.0,Girlfight,87%,95.0,2000.0,tt0210075,Girlfight,2000.0,"Drama,Sport",6.8,8858.0,nm0476201,Karyn Kusama
16,State and Main,['David Mamet'],,"Dec 22, 2000","$5,770,800",,['David Mamet'],23.0,State and Main,86%,116.0,2000.0,tt0120202,State and Main,2000.0,"Comedy,Drama",6.8,19465.0,nm0000519,David Mamet
17,Meet the Parents,['Jay Roach'],,"Oct 6, 2000","$164,454,835",,"['John Hamburg', 'Jim Herzfeld']",26.0,Meet the Parents,84%,146.0,2000.0,tt0212338,Meet the Parents,2000.0,"Comedy,Romance",7.0,291237.0,nm0005366,Jay Roach
18,Erin Brockovich,['Steven Soderbergh'],,"Mar 17, 2000","

                                131 minutes
                            
",,"['Richard LaGravenese', 'Susannah Grant']",27.0,Erin Brockovich,84%,145.0,2000.0,tt0195685,Erin Brockovich,2000.0,"Biography,Drama",7.3,157488.0,nm0001752,Steven Soderbergh
19,Billy Elliot,['Stephen Daldry'],,"Nov 3, 2000","

                                110 minutes
                            
",,['Lee Hall'],28.0,Billy Elliot,85%,117.0,2000.0,tt0249462,Billy Elliot,2000.0,"Drama,Music,Romance",7.7,113713.0,nm0197636,Stephen Daldry
20,Nico and Dani,['Cesc Gay'],,"Jun 16, 2000","

                                90 minutes
                            
",,"['Cesc Gay', 'Tomás Aragay']",,,,,,,,,,,,,
21,Battle Royale,['Kinji Fukasaku'],,"Jan 1, 2000","

                                114 minutes
                            
",,['Kenta Fukasaku'],31.0,Battle Royale,87%,45.0,2000.0,tt0266308,Battle Royale,2000.0,"Adventure,Drama,Sci-Fi",7.7,158140.0,nm0297935,Kinji Fukasaku
22,Nurse Betty,['Neil LaBute'],,"Sep 8, 2000","

                                108 minutes
                            
",,"['John Richards', 'James Flamberg', 'John C. Richards']",32.0,Nurse Betty,83%,131.0,2000.0,tt0171580,Nurse Betty,2000.0,"Comedy,Crime,Drama",6.2,31752.0,nm0001438,Neil LaBute
23,Thirteen Days,['Roger Donaldson'],,"Dec 25, 2000","

                                145 minutes
                            
",,['David Self'],35.0,Thirteen Days,83%,120.0,2000.0,tt0146309,Thirteen Days,2000.0,"Drama,History,Thriller",7.3,50372.0,nm0002044,Roger Donaldson
24,Chunhyangdyun,['Kwon-taek Im'],,"Oct 16, 2001","
Wild Bunch
",,[],36.0,Chunhyangdyun,86%,42.0,2000.0,,,,,,,,
25,Shadow of the Vampire,['E. Elias Merhige'],,"Dec 29, 2000","$7,518,962",,['Steven Katz'],37.0,Shadow of the Vampire,82%,136.0,2000.0,tt0189998,Shadow of the Vampire,2000.0,"Drama,Horror",6.9,37516.0,nm0580729,E. Elias Merhige
26,Wonder Boys,['Curtis Hanson'],,"Nov 8, 2000","

                                112 minutes
                            
",,['Steve Kloves'],39.0,Wonder Boys,82%,125.0,2000.0,tt0185014,Wonder Boys,2000.0,"Comedy,Drama",7.4,58450.0,nm0000436,Curtis Hanson
27,George Washington,['Buzz Kulik'],,"Jan 1, 1994","
                        
                            MGM Television
                        
                    ",,"['Richard Fielder', 'Jon Boothe']",40.0,George Washington,84%,61.0,2000.0,tt0262432,George Washington,2000.0,Drama,7.4,7165.0,nm0337773,David Gordon Green
28,Merci pour le chocolat,['Claude Chabrol'],,"Oct 25, 2000","

                                99 minutes
                            
",,['Claude Chabrol'],41.0,Merci pour le chocolat,84%,51.0,2000.0,,,,,,,,
29,Love and Basketball,['Gina Prince-Bythewood'],,"Jan 26, 2000","

                                124 minutes
                            
",,['Gina Prince-Bythewood'],43.0,Love and Basketball,82%,91.0,2000.0,,,,,,,,
30,Pollock,['Ed Harris'],,"Dec 15, 2000","$7,280,174",,"['Barbara Turner', 'Susan J. Emshwiller', 'Susan Ernshwiller']",44.0,Pollock,81%,108.0,2000.0,tt0183659,Pollock,2000.0,"Biography,Drama",7.0,25488.0,nm0000438,Ed Harris
31,Fantasia 2000,"['James Algar', 'Gaëtan Brizzi', 'Paul Brizzi', 'Hendel Butoy', 'Francis Glebas', 'Eric Goldberg', 'Don Hahn', 'Pixote Hunt']",,"Jun 16, 2000","

                                90 minutes
                            
",,"['Eric Goldberg', 'Don Hahn']",45.0,Fantasia 2000,82%,82.0,2000.0,,,,,,,,
32,Lakeboat,['Joe Mantegna'],,"Jun 1, 2000","

                                98 minutes
                            
",,['David Mamet'],47.0,Lakeboat,83%,42.0,2000.0,tt0210149,Lakeboat,2000.0,Drama,6.2,580.0,nm0001505,Joe Mantegna
33,Requiem for a Dream,['Darren Aronofsky'],,"Oct 6, 2000","$2,546,851",,"['Darren Aronofsky', 'Hubert Selby Jr.']",48.0,Requiem for a Dream,79%,136.0,2000.0,tt0180093,Requiem for a Dream,2000.0,Drama,8.3,691758.0,nm0004716,Darren Aronofsky
34,Shanghai Noon,['Tom Dey'],,"May 26, 2000","

                                110 minutes
                            
",,"['Miles Millar', 'Alfred Gough']",49.0,Shanghai Noon,79%,134.0,2000.0,tt0184894,Shanghai Noon,2000.0,"Action,Adventure,Comedy",6.6,110929.0,nm0223359,Tom Dey
35,The Vertical Ray of the Sun,['Anh Hung Tran'],,"May 24, 2000","

                                112 minutes
                            
",,['Anh Hung Tran'],,,,,,,,,,,,,
36,Gladiator,['Ridley Scott'],,"May 5, 2000","

                                171 minutes
                            
",,"['David H. Franzoni', 'William Nicholson', 'John Logan']",51.0,Gladiator,76%,194.0,2000.0,tt0172495,Gladiator,2000.0,"Action,Adventure,Drama",8.5,1195014.0,nm0000631,Ridley Scott
39,Space Cowboys,['Clint Eastwood'],,"Aug 4, 2000","

                                135 minutes
                            
",,"['Ken Kaufman', 'Howard Klausner']",55.0,Space Cowboys,78%,119.0,2000.0,tt0186566,Space Cowboys,2000.0,"Action,Adventure,Thriller",6.4,68014.0,nm0000142,Clint Eastwood
40,Quills,['Philip Kaufman'],,"Nov 22, 2000","$4,284,664",,['Doug Wright'],58.0,Quills,75%,126.0,2000.0,tt0180073,Quills,2000.0,"Biography,Drama",7.3,48794.0,nm0442241,Philip Kaufman
41,Keep the River on Your Right,"['David Shapiro', 'Laurie Gwen Shapiro', 'Laurie Shapiro']",,"Oct 29, 2002","
                        
                            IFC Films
                        
                    ",,[],59.0,Keep the River on Your Right,78%,50.0,2000.0,,,,,,,,
42,Finding Forrester,['Gus Van Sant'],,"Dec 20, 2000","$51,370,406",,['Mike Rich'],61.0,Finding Forrester,74%,127.0,2000.0,tt0181536,Finding Forrester,2000.0,Drama,7.3,78628.0,nm0001814,Gus Van Sant
44,Remember the Titans,['Boaz Yakin'],,"Mar 20, 2001","

                                113 minutes
                            
",,[],64.0,Remember the Titans,73%,132.0,2000.0,tt0210945,Remember the Titans,2000.0,"Biography,Drama,Sport",7.8,183054.0,nm0945026,Boaz Yakin
45,Tigerland,['Joel Schumacher'],,"Oct 6, 2000","

                                101 minutes
                            
",,"['Michael McGruther', 'Ross Klavan', 'Ross Klaven']",65.0,Tigerland,76%,46.0,2000.0,tt0170691,Tigerland,2000.0,"Drama,War",7.0,36078.0,nm0001708,Joel Schumacher
46,Sunshine,['Danny Boyle'],,"Jul 27, 2007","$3,700,000",,['Alex Garland'],66.0,Sunshine,74%,65.0,2000.0,,,,,,,,
47,My Dog Skip,['Jay Russell'],,"Mar 3, 2000","

                                95 minutes
                            
",,['Gail Gilchriest'],67.0,My Dog Skip,73%,82.0,2000.0,tt0156812,My Dog Skip,2000.0,"Comedy,Drama,Family",7.1,18219.0,nm0751221,Jay Russell
48,The Big Kahuna,['John Swanbeck'],,"Apr 28, 2000","

                                90 minutes
                            
",,"['Roger Reuff', 'Roger Rueff']",68.0,The Big Kahuna,73%,78.0,2000.0,,,,,,,,
49,Code Unknown,['Michael Haneke'],,"Jan 1, 2000","

                                118 minutes
                            
",,['Michael Haneke'],,,,,,,,,,,,,
50,Unbreakable,['M. Night Shyamalan'],,"Nov 22, 2000","$95,000,000",,['M. Night Shyamalan'],70.0,Unbreakable,69%,167.0,2000.0,tt0217869,Unbreakable,2000.0,"Drama,Mystery,Sci-Fi",7.3,340377.0,nm0796117,M. Night Shyamalan
51,Frequency,['Gregory Hoblit'],,"Apr 28, 2000","

                                121 minutes
                            
",,['Toby Emmerich'],71.0,Frequency,70%,124.0,2000.0,tt0186151,Frequency,2000.0,"Crime,Drama,Mystery",7.4,93859.0,nm0387706,Gregory Hoblit
52,American Psycho,['Mary Harron'],,"Apr 14, 2000","

                                97 minutes
                            
",,"['Mary Harron', 'Guinevere Turner']",72.0,American Psycho,68%,144.0,2000.0,tt0144084,American Psycho,2000.0,"Crime,Drama",7.6,425083.0,nm0366004,Mary Harron
53,Keeping the Faith,['Edward Norton'],,"Apr 14, 2000","

                                127 minutes
                            
",,['Stuart Blumberg'],74.0,Keeping the Faith,69%,115.0,2000.0,tt0171433,Keeping the Faith,2000.0,"Comedy,Drama,Romance",6.4,47702.0,nm0001570,Edward Norton
54,Shadow Magic,['Ann Hu'],,"Oct 1, 2000","

                                112 minutes
                            
",,['Ann Hu'],76.0,Shadow Magic,71%,49.0,2000.0,tt0238588,Shadow Magic,2000.0,"Drama,History,Romance",7.2,703.0,nm0398866,Ann Hu
55,Dancer in the Dark,['Lars von Trier'],,"Sep 23, 2000","$2,839,256",,['Lars von Trier'],77.0,Dancer in the Dark,68%,117.0,2000.0,tt0168629,Dancer in the Dark,2000.0,"Crime,Drama,Musical",8.0,92707.0,nm0001885,Lars von Trier
56,Grateful Dawg,['Gillian Grisman'],,"Feb 5, 2002","
Sony Pictures Classics
",,[],80.0,Grateful Dawg,70%,43.0,2000.0,tt0265212,Grateful Dawg,2000.0,Documentary,7.3,289.0,nm0342601,Gillian Grisman
57,Timecode,['Mike Figgis'],,"Apr 28, 2000","

                                97 minutes
                            
",,['Mike Figgis'],81.0,Timecode,68%,81.0,2000.0,tt0220100,Timecode,2000.0,"Drama,Romance",6.2,6215.0,nm0001214,Mike Figgis
58,About Adam,['Gerard Stembridge'],,"Jan 28, 2000","

                                96 minutes
                            
",,['Gerard Stembridge'],82.0,About Adam,68%,57.0,2000.0,tt0199314,About Adam,2000.0,"Comedy,Romance",5.9,6145.0,nm0826437,Gerard Stembridge
59,Small Time Crooks,['Woody Allen'],,"May 19, 2000","

                                94 minutes
                            
",,['Woody Allen'],84.0,Small Time Crooks,66%,100.0,2000.0,tt0196216,Small Time Crooks,2000.0,"Comedy,Crime",6.7,34539.0,nm0000095,Woody Allen
60,Bring It On,['Peyton Reed'],,"Aug 25, 2000","$67,905,760",,['Jessica Bendinger'],88.0,Bring It On,63%,117.0,2000.0,tt0204946,Bring It On,2000.0,"Comedy,Romance,Sport",6.0,80315.0,nm0715636,Peyton Reed
61,Anywhere but Here,['Wayne Wang'],,"Jun 1, 2000","

                                114 minutes
                            
",,['Alvin Sargent'],89.0,Anywhere but Here,64%,89.0,2000.0,,,,,,,,
62,Chocolat,['Lasse Hallstrom'],,"Dec 15, 2000","

                                121 minutes
                            
",,['Robert Nelson Jacobs'],90.0,Chocolat,62%,117.0,2000.0,tt0241303,Chocolat,2000.0,"Drama,Romance",7.3,167294.0,nm0002120,Lasse Hallström
63,The Patriot,['Ernst Lubitsch'],,"Sep 1, 1928","
                        
                            Paramount Pictures
                        
                    ",,"['Hanns Kräly', 'Julian Johnson']",92.0,The Patriot,61%,134.0,2000.0,tt0187393,The Patriot,2000.0,"Action,Drama,History",7.2,235582.0,nm0000386,Roland Emmerich
65,Der Krieger und die Kaiserin,['Tom Tykwer'],,"Jun 22, 2000","

                                135 minutes
                            
",,['Tom Tykwer'],,,,,,,,,,,,,
66,Return to Me,['Bonnie Hunt'],,"Apr 7, 2000","

                                116 minutes
                            
",,"['Bonnie Hunt', 'Don Lake']",95.0,Return to Me,62%,99.0,2000.0,tt0122459,Return to Me,2000.0,"Comedy,Drama,Romance",6.9,18362.0,nm0001372,Bonnie Hunt
67,Wonderland,['James Cox'],,"Oct 3, 2003","

                                104 minutes
                            
",,"['James Cox', 'Captain Mauzner', 'D. Loriston Scott', 'Todd Samovitz']",96.0,Wonderland,63%,70.0,2000.0,tt0209557,Wonderland,2000.0,Drama,7.4,131.0,"nm0779641,nm0568224,nm0171315,nm0000916",
68,The Tigger Movie,['Jun Falkenstein'],,"Feb 11, 2000","

                                77 minutes
                            
",,['Jun Falkenstein'],98.0,The Tigger Movie,62%,74.0,2000.0,tt0220099,The Tigger Movie,2000.0,"Animation,Comedy,Drama",6.3,15558.0,nm0266255,Jun Falkenstein
69,Pitch Black,['David Twohy'],,"Feb 18, 2000","

                                108 minutes
                            
",,"['Jim Wheat', 'Ken Wheat', 'David Twohy']",99.0,Pitch Black,59%,109.0,2000.0,tt0134847,Pitch Black,2000.0,"Horror,Sci-Fi",7.1,212805.0,nm0878638,David Twohy
70,Alice et Martin,['André Téchiné'],,"Jan 23, 2001","
                        
                            USA Films
                        
                    ",,[],101.0,Alice et Martin,61%,44.0,2000.0,,,,,,,,
71,Kikujiro,['Takeshi Kitano'],,"Dec 12, 2000","
                        
                            Sony Pictures Classics
                        
                    ",,[],102.0,Kikujiro,60%,50.0,2000.0,,,,,,,,
72,Godzilla 2000,['Takao Okawara'],,"Aug 18, 2000","$9,372,833",,"['Wataru Mimura', 'Hiroshi Kashiwabara']",113.0,Godzilla 2000,57%,69.0,2000.0,,,,,,,,
73,Groove,['Greg Harrison'],,"Jun 9, 2000","

                                84 minutes
                            
",,['Greg Harrison'],114.0,Groove,57%,51.0,2000.0,tt0212974,Groove,2000.0,"Drama,Music",6.5,3838.0,nm0365615,Greg Harrison
74,The Dish,['Rob Sitch'],,"Mar 14, 2001","

                                101 minutes
                            
",,"['Santo Cilauro', 'Rob Sitch', 'Tom Gleisner', 'Jane Kennedy']",118.0,The Dish,96%,98.0,2001.0,,,,,,,,
75,Werckmeister Harmonies,"['Ágnes Hranitzky', 'Bela Tarr']",,"Jan 1, 2001","

                                145 minutes
                            
",,"['Péter Dobai', 'Bela Tarr', 'László Krasznahorkai']",120.0,Werckmeister Harmonies,98%,40.0,2001.0,,,,,,,,
76,Time Out,['Laurent Cantet'],,"Jan 1, 2001","

                                134 minutes
                            
",,"['Robin Campillo', 'Laurent Cantet', 'Robert Campillo']",,,,,,,,,,,,,
77,In the Bedroom,['Todd Field'],,"Nov 23, 2001","$35,733,119",,"['Rob Festinger', 'Todd Field']",123.0,In the Bedroom,93%,138.0,2001.0,tt0247425,In the Bedroom,2001.0,"Crime,Drama",7.4,35174.0,nm0276062,Todd Field
78,Ghost World,['Terry Zwigoff'],,"Jul 20, 2001","$4,694,484",,"['Daniel Clowes', 'Terry Zwigoff']",125.0,Ghost World,92%,157.0,2001.0,tt0162346,Ghost World,2001.0,"Comedy,Drama",7.4,106264.0,nm0959062,Terry Zwigoff
79,Spy Kids,['Robert Rodriguez'],,"Mar 30, 2001","

                                88 minutes
                            
",,['Robert Rodriguez'],126.0,Spy Kids,93%,127.0,2001.0,tt0227538,Spy Kids,2001.0,"Action,Adventure,Comedy",5.5,98407.0,nm0001675,Robert Rodriguez
80,The Endurance,['George Butler'],,"Sep 21, 2001","$2,071,494",,"['Caroline Alexander', 'Joseph Dorman']",127.0,The Endurance,95%,65.0,2001.0,,,,,,,,
81,Y Tu Mama Tambien,['Alfonso Cuarón'],,"Apr 1, 2001","$13,622,333",,"['Carlos Cuarón', 'Carlos Cuarón', 'Alfonso Cuarón']",129.0,Y Tu Mama Tambien,92%,137.0,2001.0,,,,,,,,
82,Hedwig and the Angry Inch,['John Cameron Mitchell'],,"Jan 19, 2001","$1,547,128",,['John Cameron Mitchell'],130.0,Hedwig and the Angry Inch,93%,108.0,2001.0,tt0248845,Hedwig and the Angry Inch,2001.0,"Comedy,Drama,Music",7.8,29278.0,nm0593463,John Cameron Mitchell
83,Amores Perros,['Alejandro González Iñárritu'],,"Mar 30, 2001","$4,856,342",,['Guillermo Arriaga Jordan'],135.0,Amores Perros,92%,116.0,2001.0,,,,,,,,
84,Shrek,"['Vicky Jenson', 'Andrew Adamson']",,"May 18, 2001","$266,982,666",,"['Joe Stillman', 'Roger S.H. Schulman', 'Terry Rossio', 'Ted Elliott', 'Conrad Vernon', 'Cody Cameron']",138.0,Shrek,88%,204.0,2001.0,tt0126029,Shrek,2001.0,"Adventure,Animation,Comedy",7.9,555141.0,"nm0421776,nm0011470",
85,Mostly Martha,"['Sandra Nettelbeck', 'Sandra Nettlebeck']",,"Aug 16, 2001","$4,041,973",,['Sandra Nettelbeck'],,,,,,,,,,,,,
86,The Gleaners and I,['Agnès Varda'],,"Jul 23, 2002","
Zeitgeist Films
",,[],144.0,The Gleaners and I,93%,40.0,2001.0,,,,,,,,
87,Our Song,['Jim McKay'],,"May 23, 2001","

                                95 minutes
                            
",,['Jim McKay'],147.0,Our Song,91%,54.0,2001.0,,,,,,,,
88,Together,['Kaige Chen'],,"May 30, 2003","$1,018,149",,"['Kaige Chen', 'Xue Xiaolu']",148.0,Together,90%,80.0,2001.0,,,,,,,,
89,Dinner Rush,['Bob Giraldi'],,"Sep 28, 2001","

                                98 minutes
                            
",,"['Rick Shaughnessy', 'Brian S. Kalata']",150.0,Dinner Rush,91%,45.0,2001.0,,,,,,,,
90,Divided We Fall,['Jan Hrebejk'],,"Jun 8, 2001","

                                120 minutes
                            
",,"['Jan Hrebejk', 'Petr Jarchovský']",152.0,Divided We Fall,90%,61.0,2001.0,,,,,,,,
91,Gosford Park,['Robert Altman'],,"Dec 26, 2001","$41,274,328",,"['Julian Fellowes', 'James Fellowes']",154.0,Gosford Park,86%,158.0,2001.0,tt0280707,Gosford Park,2001.0,"Comedy,Drama,Mystery",7.3,72860.0,nm0000265,Robert Altman
92,Life And Debt,['Stephanie Black'],,"Sep 21, 2001","

                                80 minutes
                            
",,['Jamaica Kincaid'],155.0,Life And Debt,90%,42.0,2001.0,,,,,,,,
93,Donnie Darko,['Richard Kelly'],,"Jan 19, 2001","

                                113 minutes
                            
",,['Richard Kelly'],156.0,Donnie Darko,87%,115.0,2001.0,tt0246578,Donnie Darko,2001.0,"Drama,Sci-Fi,Thriller",8.1,691454.0,nm0446819,Richard Kelly
95,Italian for Beginners,['Lone Scherfig'],,"Sep 1, 2001","$4,409,992",,['Lone Scherfig'],159.0,Italian for Beginners,88%,85.0,2001.0,,,,,,,,
96,Ginger Snaps,['John Fawcett'],,"Apr 21, 2001","

                                108 minutes
                            
",,['Karen Walton'],160.0,Ginger Snaps,89%,57.0,2001.0,,,,,,,,
97,101 Reykjavik,['Baltasar Kormákur'],,"Jan 19, 2001","

                                89 minutes
                            
",,['Baltasar Kormákur'],161.0,101 Reykjavik,89%,46.0,2001.0,,,,,,,,
98,La Cienaga,['Lucrecia Martel'],,"Oct 3, 2001","

                                100 minutes
                            
",,['Lucrecia Martel'],165.0,La Cienaga,88%,40.0,2001.0,,,,,,,,
99,Va Savoir,['Jacques Rivette'],,"Sep 29, 2001","

                                154 minutes
                            
",,"['Pascal Bonitzer', 'Christine Laurent', 'Jacques Rivette', 'Luigi Pirandello']",167.0,Va Savoir,86%,77.0,2001.0,,,,,,,,
100,Calle 54,['Fernando Trueba'],,"Nov 13, 2001","
Miramax Films
",,[],168.0,Calle 54,87%,47.0,2001.0,,,,,,,,
101,Nowhere in Africa,['Caroline Link'],,"Mar 7, 2001","$5,888,057",,['Caroline Link'],,,,,,,,,,,,,
102,Faithless,['Harry Beaumont'],,"Jun 5, 2001","
                        
                            MGM
                        
                    ",,['Carey Wilson'],170.0,Faithless,86%,70.0,2001.0,,,,,,,,
103,Thirteen Conversations About One Thing,['Jill Sprecher'],,"Sep 1, 2001","$3,004,491",,"['Karen Sprecher', 'Jill Sprecher']",176.0,Thirteen Conversations About One Thing,83%,114.0,2001.0,tt0268690,Thirteen Conversations About One Thing,2001.0,Drama,7.1,9153.0,nm0819613,Jill Sprecher
104,Little Otik,['Jan Svankmajer'],,"Dec 19, 2001","

                                125 minutes
                            
",,['Jan Svankmajer'],185.0,Little Otik,84%,43.0,2001.0,,,,,,,,
105,Waking Life,['Richard Linklater'],,"Jan 19, 2001","$2,063,729",,['Richard Linklater'],186.0,Waking Life,80%,142.0,2001.0,tt0243017,Waking Life,2001.0,"Animation,Drama,Fantasy",7.8,56592.0,nm0000500,Richard Linklater
106,Diamond Men,['Daniel M. Cohen'],,"Sep 28, 2001","

                                102 minutes
                            
",,['Daniel M. Cohen'],190.0,Diamond Men,81%,63.0,2001.0,,,,,,,,
107,Iris,['Rosa Vergés'],,"Jul 16, 2004","

                                99 minutes
                            
",,"['Rosa Vergés', 'Jordi Barrachina']",191.0,Iris,79%,110.0,2001.0,tt0280778,Iris,2001.0,"Biography,Drama,Romance",7.1,16102.0,nm0264236,Richard Eyre
109,Lumumba,['Raoul Peck'],,"Jun 27, 2001","

                                115 minutes
                            
",,"['Pascal Bonitzer', 'Raoul Peck']",192.0,Lumumba,81%,57.0,2001.0,,,,,,,,
110,Jump Tomorrow,['Joel Hopkins'],,"Jan 19, 2001","

                                95 minutes
                            
",,['Joel Hopkins'],193.0,Jump Tomorrow,81%,54.0,2001.0,tt0273300,Jump Tomorrow,2001.0,"Comedy,Drama,Romance",7.2,1312.0,nm0394199,Joel Hopkins
111,The Pledge,['Sean Penn'],,"Jan 19, 2001","$18,894,185",,"['Mary Olson-Kromolowski', 'Jerzy Kromolowski']",194.0,The Pledge,78%,124.0,2001.0,tt0237572,The Pledge,2001.0,"Crime,Drama,Mystery",6.8,49359.0,nm0000576,Sean Penn
112,Black Hawk Down,['Ridley Scott'],,"Dec 28, 2001","$108,585,355",,['Ken Nolan'],195.0,Black Hawk Down,76%,171.0,2001.0,tt0265086,Black Hawk Down,2001.0,"Drama,History,War",7.7,336432.0,nm0000631,Ridley Scott
113,A Beautiful Mind,['Ron Howard'],,"Dec 21, 2001","

                                135 minutes
                            
",,['Akiva Goldsman'],196.0,A Beautiful Mind,74%,211.0,2001.0,tt0268978,A Beautiful Mind,2001.0,"Biography,Drama",8.2,761520.0,nm0000165,Ron Howard
114,Tape,['Richard Linklater'],,"Nov 16, 2001","

                                84 minutes
                            
",,['Stephen Belber'],197.0,Tape,78%,98.0,2001.0,tt0275719,Tape,2001.0,Drama,7.3,17543.0,nm0000500,Richard Linklater
115,Our Lady of the Assassins,['Barbet Schroeder'],,"Sep 7, 2001","

                                98 minutes
                            
",,['Fernando Vallejo'],200.0,Our Lady of the Assassins,77%,61.0,2001.0,,,,,,,,
116,Snatch,['Guy Ritchie'],,"Jan 19, 2001","$30,093,107",,['Guy Ritchie'],202.0,Snatch,73%,141.0,2001.0,,,,,,,,
117,Joy Ride,['John Dahl'],,"Oct 5, 2001","$21,254,983",,"['Clay Tarver', 'J.J. Abrams']",203.0,Joy Ride,74%,114.0,2001.0,tt0206314,Joy Ride,2001.0,"Mystery,Thriller",6.6,59742.0,nm0001093,John Dahl
118,Training Day,['Antoine Fuqua'],,"Oct 5, 2001","

                                122 minutes
                            
",,['David Ayer'],204.0,Training Day,72%,158.0,2001.0,tt0139654,Training Day,2001.0,"Crime,Drama,Thriller",7.7,353562.0,nm0298807,Antoine Fuqua
119,Brotherhood of the Wolf,['Christophe Gans'],,"Oct 11, 2001","$10,793,478",,"['Stephane Cabel', 'Christophe Gans', 'Stephane Cabel', 'Claudine Strasser', 'Valentine Tracelet']",207.0,Brotherhood of the Wolf,73%,120.0,2001.0,tt0237534,Brotherhood of the Wolf,2001.0,"Action,Adventure,Drama",7.1,58314.0,nm0304521,Christophe Gans
120,Buffalo Soldiers,['Gregor Jordan'],,"Jan 1, 2001","

                                98 minutes
                            
",,"['Eric Axel Weiss', 'Gregor Jordan', 'Nora Maccoby', 'Eric Weiss']",208.0,Buffalo Soldiers,73%,115.0,2001.0,tt0252299,Buffalo Soldiers,2001.0,"Comedy,Crime,Drama",6.8,22147.0,nm0429964,Gregor Jordan
121,Songcatcher,['Maggie Greenwald'],,"Jun 29, 2001","$1,634,064",,['Maggie Greenwald'],209.0,Songcatcher,74%,88.0,2001.0,,,,,,,,
122,Me You Them,['Andrucha Waddington'],,"Mar 2, 2001","

                                104 minutes
                            
",,['Elena Soarez'],210.0,Me You Them,75%,55.0,2001.0,,,,,,,,
123,Tortilla Soup,['María Ripoll'],,"Aug 24, 2001","$2,923,596",,"['Tom Musca', 'Ramón Menéndez', 'Vera Blasi']",211.0,Tortilla Soup,74%,72.0,2001.0,tt0255653,Tortilla Soup,2001.0,"Comedy,Drama,Romance",6.6,3877.0,nm0728048,Maria Ripoll
124,Before Night Falls,['Julian Schnabel'],,"Jan 12, 2001","$2,768,814",,"[""Cunningham O'Keefe"", 'Julian Schnabel', 'Lázaro Gómez Carriles']",212.0,Before Night Falls,73%,98.0,2001.0,,,,,,,,
125,The Piano Teacher,['Michael Haneke'],,"Sep 1, 2001","

                                130 minutes
                            
",,['Michael Haneke'],,,,,,,,,,,,,
126,Fat Girl,['Catherine Breillat'],,"Oct 8, 2001","

                                86 minutes
                            
",,['Catherine Breillat'],214.0,Fat Girl,73%,86.0,2001.0,tt0243255,Fat Girl,2001.0,Drama,6.5,9514.0,nm0106924,Catherine Breillat
127,Behind the Sun,"['Walter Salles', 'Liria Bégéja']",,"Dec 12, 2001","

                                105 minutes
                            
",,"['Walter Salles', 'Sérgio Machado', 'Karim Aïnouz']",215.0,Behind the Sun,74%,46.0,2001.0,tt0291003,Behind the Sun,2001.0,Drama,7.7,6308.0,nm0758574,Walter Salles
128,Made,['Jon Favreau'],,"Jul 13, 2001","$3,673,981",,['Jon Favreau'],216.0,Made,71%,107.0,2001.0,tt0227005,Made,2001.0,"Comedy,Crime,Drama",6.4,16237.0,nm0269463,Jon Favreau
129,Chopper,['Andrew Dominik'],,"Apr 11, 2001","

                                94 minutes
                            
",,['Andrew Dominik'],217.0,Chopper,72%,67.0,2001.0,tt0294446,Chopper,2001.0,"Animation,Short",7.0,107.0,nm0220615,Bernard Derriman
130,Baby Boy,['John Singleton'],,"Jun 27, 2001","$27,823,989",,['John Singleton'],218.0,Baby Boy,71%,92.0,2001.0,tt0255819,Baby Boy,2001.0,"Crime,Drama,Romance",6.4,11440.0,nm0005436,John Singleton
131,Legally Blonde,['Robert Luketic'],,"Jul 13, 2001","$95,001,351",,"['Kirsten Smith', 'Karen McCullah Lutz']",220.0,Legally Blonde,69%,142.0,2001.0,tt0250494,Legally Blonde,2001.0,"Comedy,Romance",6.3,162452.0,nm0525659,Robert Luketic
132,Spirited Away,['Hayao Miyazaki'],,"Sep 20, 2002","$9,855,615",,['Hayao Miyazaki'],223.0,Spirited Away,97%,183.0,2002.0,,,,,,,,
133,Catch Me If You Can,['Steven Spielberg'],,"Dec 25, 2002","$164,400,000",,['Jeff Nathanson'],225.0,Catch Me If You Can,95%,198.0,2002.0,tt0264464,Catch Me If You Can,2002.0,"Biography,Crime,Drama",8.1,706395.0,nm0000229,Steven Spielberg
135,The Pianist,['Claude Gagnon'],,"Feb 6, 1992","$32,000,000",,['Claude Cagnon'],229.0,The Pianist,95%,181.0,2002.0,tt0253474,The Pianist,2002.0,"Biography,Drama,Music",8.5,631417.0,nm0000591,Roman Polanski
136,Bowling for Columbine,['Michael Moore'],,"Oct 11, 2002","$21,300,000",,['Michael Moore'],230.0,Bowling for Columbine,95%,169.0,2002.0,tt0310793,Bowling for Columbine,2002.0,"Crime,Documentary,Drama",8.0,134306.0,nm0601619,Michael Moore
137,Read My Lips,['Jacques Audiard'],,"Jul 19, 2002","$1,177,985",,"['Tonino Benacquista', 'Jacques Audiard']",231.0,Read My Lips,97%,96.0,2002.0,,,,,,,,
138,Minority Report,['Steven Spielberg'],,"Jun 21, 2002","$132,000,000",,"['Jon Cohen', 'Scott Frank', 'Jonathan Cohen']",232.0,Minority Report,91%,249.0,2002.0,tt0181689,Minority Report,2002.0,"Action,Crime,Mystery",7.7,465474.0,nm0000229,Steven Spielberg
140,About a Boy,"['Chris Weitz', 'Paul Weitz']",,"May 17, 2002","$40,566,655",,"['Peter Hedges', 'Chris Weitz', 'Paul Weitz']",234.0,About a Boy,93%,186.0,2002.0,tt0276751,About a Boy,2002.0,"Comedy,Drama,Romance",7.1,159655.0,"nm0919363,nm0919369",
142,Monsoon Wedding,['Mira Nair'],,"Feb 22, 2002","$14,000,000",,['Sabrina Dhawan'],236.0,Monsoon Wedding,95%,120.0,2002.0,,,,,,,,
143,Spider-Man,['Sam Raimi'],,"May 3, 2002","$403,706,375",,['David Koepp'],238.0,Spider-Man,90%,241.0,2002.0,tt0145487,Spider-Man,2002.0,"Action,Adventure,Sci-Fi",7.3,632005.0,nm0000600,Sam Raimi
145,Promises,"['B.Z. Goldberg', 'Justine Shapiro', 'Carlos Bolado']",,"Mar 22, 2002","

                                116 minutes
                            
",,"['Justine Shapiro', 'B.Z. Goldberg']",241.0,Promises,96%,47.0,2002.0,tt0578120,Promises,2002.0,"Adventure,Drama,Sci-Fi",7.7,296.0,nm0071776,Geoff Bennett
146,Open Hearts,['Susanne Bier'],,"Aug 23, 2002","

                                113 minutes
                            
",,"['Anders Thomas Jensen', 'Susanne Bier']",,,,,,,,,,,,,
147,Talk to Her,['Pedro Almodóvar'],,"Nov 22, 2002","$9,031,416",,['Pedro Almodóvar'],244.0,Talk to Her,92%,130.0,2002.0,tt0287467,Talk to Her,2002.0,"Drama,Mystery,Romance",8.0,96415.0,nm0000264,Pedro Almodóvar
148,Infernal Affairs,"['Wai-keung Lau', 'Alan Mak']",,"Dec 12, 2002","

                                101 minutes
                            
",,"['Alan Mak', 'Felix Chong']",,,,,,,,,,,,,
149,Bloody Sunday,['Paul Greengrass'],,"Oct 11, 2002","$800,000",,['Paul Greengrass'],246.0,Bloody Sunday,92%,104.0,2002.0,tt0280491,Bloody Sunday,2002.0,"Drama,History,War",7.7,21944.0,nm0339030,Paul Greengrass
150,Nine Queens,['Fabián Bielinsky'],,"Oct 1, 2002","

                                115 minutes
                            
",,[],,,,,,,,,,,,,
151,Standing in the Shadows of Motown,['Paul Justman'],,"Nov 15, 2002","$1,234,246",,"['Walter Dallas', 'Ntozake Shange']",252.0,Standing in the Shadows of Motown,91%,92.0,2002.0,tt0314725,Standing in the Shadows of Motown,2002.0,"Documentary,Music",7.8,3173.0,nm0433225,Paul Justman
152,Alias Betty,['Claude Miller'],,"Mar 15, 2002","

                                102 minutes
                            
",,['Claude Miller'],,,,,,,,,,,,,
153,Lantana,['Ray Lawrence'],,"Jan 25, 2002","$4,277,569",,['Andrew Bovell'],254.0,Lantana,90%,105.0,2002.0,,,,,,,,
154,Chicago,['Rob Marshall'],,"Dec 27, 2002","

                                113 minutes
                            
",,['Bill Condon'],255.0,Chicago,85%,255.0,2002.0,tt0299658,Chicago,2002.0,"Comedy,Crime,Musical",7.2,199377.0,nm0551128,Rob Marshall
156,The Weather Underground,"['Sam Green', 'Bill Siegel']",,"May 25, 2004","
Indican Pictures
",,[],257.0,The Weather Underground,91%,58.0,2002.0,tt0343168,The Weather Underground,2002.0,"Documentary,History,War",7.5,3273.0,"nm0338316,nm0796903",
157,Murderous Maids,['Jean-Pierre Denis'],,"Apr 19, 2002","

                                92 minutes
                            
",,"['Jean-Pierre Denis', 'Michele Halberstadt']",258.0,Murderous Maids,91%,53.0,2002.0,,,,,,,,
158,Russian Ark,"['Alexandr Sokurov', 'Aleksandr Sokurov']",,"Dec 13, 2002","$37,439",,"['Anatoly Nikiforov', 'Boris Khaimsky', 'Aleksandr Sokurov', 'Svetlana Proskurina']",259.0,Russian Ark,89%,104.0,2002.0,tt0318034,Russian Ark,2002.0,"Drama,Fantasy,History",7.4,17063.0,nm0812546,Aleksandr Sokurov
159,The Girl From Paris,['Christian Carion'],,"Jan 1, 2002","

                                103 minutes
                            
",,"['Christian Carion', 'Eric Assous']",260.0,The Girl From Paris,91%,43.0,2002.0,,,,,,,,
160,Roger Dodger,['Dylan Kidd'],,"Nov 1, 2002","$1,169,941",,['Dylan Kidd'],261.0,Roger Dodger,88%,123.0,2002.0,tt0299117,Roger Dodger,2002.0,"Comedy,Drama",7.0,16292.0,nm1071898,Dylan Kidd
161,About Schmidt,['Alexander Payne'],,"Dec 13, 2002","$65,000,000",,"['Jim Taylor (III) ', 'Alexander Payne']",262.0,About Schmidt,85%,203.0,2002.0,tt0257360,About Schmidt,2002.0,"Comedy,Drama",7.2,116727.0,nm0668247,Alexander Payne
162,Baran,['Majid Majidi'],,"May 3, 2002","

                                94 minutes
                            
",,['Majid Majidi'],264.0,Baran,89%,62.0,2002.0,,,,,,,,
163,Late Marriage,['Dover Koshashvili'],,"May 17, 2002","$1,188,608",,"['Dover Koshashvili', 'Dover Kosashvili']",267.0,Late Marriage,88%,64.0,2002.0,,,,,,,,
164,I Am Trying to Break Your Heart,['Sam Jones'],,"Apr 1, 2003","
Cowboy
",,[],269.0,I Am Trying to Break Your Heart,88%,60.0,2002.0,tt0327920,I Am Trying to Break Your Heart,2002.0,"Documentary,Music",7.5,1897.0,nm1215448,Sam Jones
165,Harry Potter and the Chamber of Secrets,['Chris Columbus'],,"Nov 15, 2002","$261,835,892",,['Steve Kloves'],270.0,Harry Potter and the Chamber of Secrets,82%,234.0,2002.0,tt0295297,Harry Potter and the Chamber of Secrets,2002.0,"Adventure,Family,Fantasy",7.4,486501.0,nm0001060,Chris Columbus
168,Springtime in a Small Town,['Tian Zhuangzhuang'],,"Jul 1, 2002","

                                112 minutes
                            
",,"['Michael Werner', 'Ah Cheng']",,,,,,,,,,,,,
169,24 Hour Party People,['Michael Winterbottom'],,"Aug 9, 2002","$1,053,506",,['Frank Cottrell Boyce'],275.0,24 Hour Party People,86%,99.0,2002.0,tt0274309,24 Hour Party People,2002.0,"Biography,Comedy,Drama",7.4,30175.0,nm0935863,Michael Winterbottom
170,Narc,['Joe Carnahan'],,"Dec 20, 2002","$10,237,964",,['Joe Carnahan'],277.0,Narc,84%,158.0,2002.0,tt0272207,Narc,2002.0,"Crime,Drama,Mystery",7.2,36631.0,nm0138620,Joe Carnahan
171,The Rookie,['John Lee Hancock'],,"Mar 29, 2002","$75,456,736",,['Mike Rich'],278.0,The Rookie,84%,153.0,2002.0,tt0265662,The Rookie,2002.0,"Drama,Family,Sport",7.0,29650.0,nm0359387,John Lee Hancock
173,Lawless Heart,"['Neil Hunter', 'Tom Hunsinger']",,"Dec 1, 2002","

                                86 minutes
                            
",,"['Tom Hunsinger', 'Neil Hunter']",281.0,Lawless Heart,87%,53.0,2002.0,,,,,,,,
174,Son of the Bride,"['Juan José Campanella', 'Juan J. Campanella']",,"Mar 22, 2002","

                                124 minutes
                            
",,"['Fernando Castets', 'Juan José Campanella']",284.0,Son of the Bride,86%,57.0,2002.0,,,,,,,,
175,One Hour Photo,['Mark Romanek'],,"Aug 21, 2002","$31,469,714",,['Mark Romanek'],285.0,One Hour Photo,81%,196.0,2002.0,tt0265459,One Hour Photo,2002.0,"Drama,Thriller",6.8,107440.0,nm0738796,Mark Romanek
177,Road to Perdition,['Sam Mendes'],,"Jul 12, 2002","$104,054,514",,"['Max Allan Collins', 'Richard Piers Rayner', 'David Self']",288.0,Road to Perdition,80%,215.0,2002.0,tt0257044,Road to Perdition,2002.0,"Crime,Drama,Thriller",7.7,226703.0,nm0005222,Sam Mendes
178,Kissing Jessica Stein,['Charles Herman-Wurmfeld'],,"Mar 13, 2002","$6,960,929",,"['Heather Juergensen', 'Jennifer Westfeldt']",289.0,Kissing Jessica Stein,83%,120.0,2002.0,,,,,,,,
179,Elling,['Petter Naess'],,"May 29, 2002","$63,227",,"['Axel Hellstenius', 'Larry Stuckey']",290.0,Elling,85%,59.0,2002.0,,,,,,,,
180,The Royal Tenenbaums,['Wes Anderson'],,"Jan 4, 2002","$52,307,676",,"['Wes Anderson', 'Owen Wilson']",291.0,The Royal Tenenbaums,80%,207.0,2002.0,,,,,,,,
181,Real Women Have Curves,['Patricia Cardoso'],,"Oct 18, 2002","$5,677,043",,"['Josefina Lopez', 'George LaVoo']",292.0,Real Women Have Curves,84%,85.0,2002.0,tt0296166,Real Women Have Curves,2002.0,"Comedy,Drama",6.9,6587.0,nm0136603,Patricia Cardoso
182,La Stanza del Figlio,['Nanni Moretti'],,"Feb 8, 2002","$737,565",,"['Nanni Moretti', 'Heidrun Schleef', 'Linda Ferri']",,,,,,,,,,,,,
183,Morvern Callar,['Lynne Ramsay'],,"Dec 16, 2003","
Cowboy Pictures
",,[],294.0,Morvern Callar,84%,80.0,2002.0,tt0300214,Morvern Callar,2002.0,Drama,6.8,8333.0,nm0708903,Lynne Ramsay
184,Barbershop,['Tim Story'],,"Sep 13, 2002","$75,074,950",,"['Mark Brown', 'Don D. Scott', 'Marshall Todd']",298.0,Barbershop,82%,124.0,2002.0,tt0303714,Barbershop,2002.0,"Comedy,Drama",6.3,27664.0,nm1103162,Tim Story
185,The Believer,['Henry Bean'],,"Apr 1, 2002","

                                98 minutes
                            
",,['Henry Bean'],299.0,The Believer,83%,92.0,2002.0,tt0512183,The Believer,2002.0,Documentary,6.8,5.0,\N,
186,Stuart Little 2,['Rob Minkoff'],,"Jul 19, 2002","$64,736,114",,"['E B White', 'Bruce Joel Rubin']",300.0,Stuart Little 2,81%,123.0,2002.0,tt0243585,Stuart Little 2,2002.0,"Adventure,Animation,Comedy",5.5,44908.0,nm0591450,Rob Minkoff
188,Drumline,['Charles Stone III'],,"Dec 13, 2002","$56,178,945",,"['Tina Gordon Chism', 'Shawn Schepps']",304.0,Drumline,82%,84.0,2002.0,tt0303933,Drumline,2002.0,"Comedy,Drama,Music",5.7,31477.0,nm0831690,Charles Stone III
189,Satin Rouge,['Raja Amari'],,"May 27, 2003","
Zeitgeist Films
",,[],305.0,Satin Rouge,83%,47.0,2002.0,,,,,,,,
190,Better Luck Tomorrow,['Justin Lin'],,"Apr 11, 2002","$3,687,324",,"['Justin Lin', 'Ernesto M. Foronda', 'Fabian Marquez']",306.0,Better Luck Tomorrow,81%,106.0,2002.0,tt0280477,Better Luck Tomorrow,2002.0,"Crime,Drama,Romance",7.1,8592.0,nm0510912,Justin Lin
191,Antwone Fisher,['Denzel Washington'],,"Dec 19, 2002","$20,813,967",,['Antwone Quenton Fisher'],307.0,Antwone Fisher,79%,151.0,2002.0,tt0168786,Antwone Fisher,2002.0,"Biography,Drama",7.3,30414.0,nm0000243,Denzel Washington
192,Secret Ballot,['Babak Payami'],,"Aug 9, 2002","

                                105 minutes
                            
",,"['Babak Payami', 'Babak Payami']",308.0,Secret Ballot,82%,57.0,2002.0,,,,,,,,
193,Sunshine State,['John Sayles'],,"Jun 21, 2002","$2,836,157",,['John Sayles'],309.0,Sunshine State,80%,109.0,2002.0,tt0286179,Sunshine State,2002.0,"Drama,Romance",6.9,3665.0,nm0000626,John Sayles
194,Gigantic,['AJ Schnack'],,"Nov 18, 2003","
Cowboy Pictures
",,[],310.0,Gigantic,82%,45.0,2002.0,,,,,,,,
195,8 Women,['François Ozon'],,"Sep 20, 2002","

                                103 minutes
                            
",,"['Marina de Van', 'François Ozon']",,,,,,,,,,,,,
196,Tully,"['Hillary Birmingham', 'Hilary Birmingham']",,"Nov 1, 2002","

                                102 minutes
                            
",,['Matt Drake'],313.0,Tully,81%,53.0,2002.0,,,,,,,,
198,Biggie and Tupac,['Nick Broomfield'],,"Apr 29, 2003","
                        
                            Channel 4 Television
                        
                    ",,[],314.0,Biggie and Tupac,81%,47.0,2002.0,tt0303356,Biggie and Tupac,2002.0,"Biography,Crime,Documentary",6.8,4234.0,nm0112374,Nick Broomfield
199,Ice Age,"['Chris Wedge', 'Carlos Saldanha']",,"Mar 15, 2002","$176,400,000",,"['Michael Berg', 'Michael J. Wilson', 'Peter Ackerman']",315.0,Ice Age,77%,166.0,2002.0,tt0268380,Ice Age,2002.0,"Adventure,Animation,Comedy",7.5,396398.0,"nm0917188,nm0757858",
202,Nicholas Nickleby,['Alberto Cavalcanti'],,"Oct 24, 2006","
                        
                            Liberty
                        
                    ",,['John Dighton'],318.0,Nicholas Nickleby,78%,126.0,2002.0,tt0309912,Nicholas Nickleby,2002.0,"Adventure,Drama,Romance",7.2,10750.0,nm0569790,Douglas McGrath
203,8 Mile,['Curtis Hanson'],,"Nov 8, 2002","$116,638,030",,['Scott Silver'],319.0,8 Mile,75%,213.0,2002.0,tt0298203,8 Mile,2002.0,"Drama,Music",7.1,226330.0,nm0000436,Curtis Hanson
204,Changing Lanes,['Roger Michell'],,"Apr 12, 2002","$66,650,688",,"['Chap Taylor', 'Michael Tolkin']",320.0,Changing Lanes,77%,151.0,2002.0,tt0264472,Changing Lanes,2002.0,"Drama,Thriller",6.5,63159.0,nm0585011,Roger Michell
205,Last Orders,['Fred Schepisi'],,"Feb 15, 2002","$2,197,234",,['Fred Schepisi'],321.0,Last Orders,79%,89.0,2002.0,,,,,,,,
206,Tadpole,['Gary Winick'],,"Jul 19, 2002","$2,882,062",,"['Gary Winick', 'Niels Mueller', 'Heather McGowan', 'Niels Mueller']",322.0,Tadpole,78%,107.0,2002.0,,,,,,,,
207,Undercover Brother,['Malcolm D. Lee'],,"May 31, 2002","$38,230,435",,"['Michael McCullers', 'John Ridley']",323.0,Undercover Brother,77%,130.0,2002.0,tt0279493,Undercover Brother,2002.0,"Action,Comedy",5.8,31832.0,nm0002700,Malcolm D. Lee
208,Secretary,['Steven Shainberg'],,"Sep 20, 2002","$3,806,471",,"['Erin Cressida Wilson', 'Steven Shainberg']",324.0,Secretary,76%,155.0,2002.0,tt0274812,Secretary,2002.0,"Comedy,Drama,Romance",7.0,76763.0,nm0787601,Steven Shainberg
209,Panic Room,['David Fincher'],,"Mar 29, 2002","$95,308,367",,['David Koepp'],325.0,Panic Room,75%,185.0,2002.0,tt0258000,Panic Room,2002.0,"Crime,Drama,Thriller",6.8,235222.0,nm0000399,David Fincher
210,Gangs of New York,['Martin Scorsese'],,"Dec 20, 2002","$77,605,296",,"['Jay Cocks', 'Steven Zaillian', 'Kenneth Lonergan']",326.0,Gangs of New York,74%,209.0,2002.0,tt0217505,Gangs of New York,2002.0,"Crime,Drama",7.5,368076.0,nm0000217,Martin Scorsese
211,Signs,['M. Night Shyamalan'],,"Aug 2, 2002","$227,935,522",,['M. Night Shyamalan'],327.0,Signs,73%,233.0,2002.0,tt0286106,Signs,2002.0,"Drama,Mystery,Sci-Fi",6.7,313644.0,nm0796117,M. Night Shyamalan
212,Igby Goes Down,['Burr Steers'],,"Sep 13, 2002","$4,624,014",,['Burr Steers'],329.0,Igby Goes Down,76%,135.0,2002.0,tt0280760,Igby Goes Down,2002.0,"Comedy,Drama",7.0,30773.0,nm0824882,Burr Steers
213,Warm Water Under a Red Bridge,['Shohei Imamura'],,"Jun 24, 2003","
Cowboy Booking International
",,[],,,,,,,,,,,,,
214,My Big Fat Greek Wedding,['Joel Zwick'],,"Apr 19, 2002","$241,250,669",,['Nia Vardalos'],331.0,My Big Fat Greek Wedding,76%,129.0,2002.0,tt0259446,My Big Fat Greek Wedding,2002.0,"Comedy,Drama,Romance",6.6,112902.0,nm0959034,Joel Zwick
215,Frida,['Julie Taymor'],,"Oct 25, 2002","$25,681,203",,"['Clancy Sigal', 'Diane Lake', 'Gregory Nava', 'Anna Thomas', 'Rodrigo García']",332.0,Frida,75%,153.0,2002.0,tt0120679,Frida,2002.0,"Biography,Drama,Romance",7.4,73885.0,nm0853380,Julie Taymor
216,Comedian,['Christian Charles'],,"May 13, 2003","

                                100 minutes
                            
",,[],333.0,Comedian,77%,90.0,2002.0,tt0328962,Comedian,2002.0,"Comedy,Documentary",7.0,6028.0,nm1226523,Christian Charles
217,Finding Nemo,"['Andrew Stanton', 'Lee Unkrich']",,"May 30, 2003","$380,529,370",,"['Andrew Stanton', 'Bob Peterson', 'David Reynolds']",335.0,Finding Nemo,99%,262.0,2003.0,tt0266543,Finding Nemo,2003.0,"Adventure,Animation,Comedy",8.1,856377.0,"nm0881279,nm0004056",
219,Lost In Translation,['Sofia Coppola'],,"Sep 26, 2003","$44,566,004",,['Sofia Coppola'],337.0,Lost In Translation,95%,228.0,2003.0,,,,,,,,
220,Capturing the Friedmans,['Andrew Jarecki'],,"Jan 27, 2004","
Magnolia
",,[],338.0,Capturing the Friedmans,97%,152.0,2003.0,tt0342172,Capturing the Friedmans,2003.0,"Biography,Documentary",7.8,22166.0,nm1285613,Andrew Jarecki
221,American Splendor,"['Robert Pulcini', 'Shari Springer Berman']",,"Aug 15, 2003","$5,977,550",,"['Harvey Pekar', 'Shari Springer Berman', 'Robert Pulcini']",342.0,American Splendor,94%,186.0,2003.0,tt0305206,American Splendor,2003.0,"Biography,Comedy,Drama",7.5,45337.0,"nm0075849,nm0700301",
222,Sweet Sixteen,['Ken Loach'],,"May 16, 2003","$201,010",,['Paul Laverty'],343.0,Sweet Sixteen,97%,88.0,2003.0,,,,,,,,
223,Raising Victor Vargas,['Peter Sollett'],,"Mar 28, 2003","$1,965,981",,"['Peter Sollett', 'Eva Vives']",344.0,Raising Victor Vargas,96%,109.0,2003.0,,,,,,,,
224,Bus 174,"['Felipe Lacerda', 'José Padilha']",,"Oct 8, 2003","$140,901",,['José Padilha'],,,,,,,,,,,,,
225,Winged Migration,"['Guy Jarry', 'Jacques Cluzard', 'Jacques Cluzaud', 'Michel Debats', 'Jacques Perrin']",,"Apr 18, 2003","

                                85 minutes
                            
",,"['Guy Jarry', 'Stéphane Durand', 'Francis Roux', 'Jacques Perrin', 'Jean Dorst']",347.0,Winged Migration,95%,133.0,2003.0,,,,,,,,
226,To Be and to Have,['Nicolas Philibert'],,"May 1, 2008","
New Yorker Films
",,[],,,,,,,,,,,,,
227,The Triplets of Belleville,['Sylvain Chomet'],,"Nov 26, 2003","$6,798,854",,['Sylvain Chomet'],350.0,The Triplets of Belleville,94%,147.0,2003.0,tt0286244,The Triplets of Belleville,2003.0,"Animation,Comedy,Drama",7.8,47450.0,nm0158984,Sylvain Chomet
228,Dirty Pretty Things,['Stephen Frears'],,"Jul 18, 2003","$7,953,388",,['Steven Knight'],351.0,Dirty Pretty Things,94%,142.0,2003.0,,,,,,,,
229,Festival Express,['Bob Smeaton'],,"Nov 2, 2004","

                                85 minutes
                            
",,[],352.0,Festival Express,96%,80.0,2003.0,tt0372279,Festival Express,2003.0,"Documentary,History,Music",7.6,2036.0,"nm0194151,nm0806736",
230,School of Rock,['Richard Linklater'],,"Oct 3, 2003","$81,200,000",,"['Mike White', 'Richard Linklater']",353.0,School of Rock,91%,196.0,2003.0,tt0332379,School of Rock,2003.0,"Comedy,Music",7.1,242020.0,nm0000500,Richard Linklater
231,Los Angeles Plays Itself,['Thom Andersen'],,"Jan 1, 2003","

                                169 minutes
                            
",,['Thom Andersen'],354.0,Los Angeles Plays Itself,96%,45.0,2003.0,tt0379357,Los Angeles Plays Itself,2003.0,"Documentary,History",8.0,1860.0,nm0026263,Thom Andersen
232,Lost in La Mancha,"['Keith Fulton', 'Louis Pepe']",,"Jan 31, 2003","

                                93 minutes
                            
",,"['Louis Pepe', 'Keith Fulton']",355.0,Lost in La Mancha,94%,100.0,2003.0,,,,,,,,
233,Shattered Glass,['Billy Ray'],,"Oct 31, 2003","$2,105,024",,['Billy Ray'],357.0,Shattered Glass,91%,172.0,2003.0,tt0323944,Shattered Glass,2003.0,"Drama,History",7.2,31447.0,nm0712753,Billy Ray
234,Whale Rider,['Niki Caro'],,"Jun 6, 2003","$20,661,128",,['Niki Caro'],360.0,Whale Rider,91%,151.0,2003.0,,,,,,,,
235,The Man on the Train,['Patrice Leconte'],,"May 9, 2003","$2,316,487",,['Claude Klotz'],,,,,,,,,,,,,
236,Far From Heaven,['Todd Haynes'],,"Apr 1, 2003","$15,900,000",,['Todd Haynes'],364.0,Far From Heaven,88%,218.0,2003.0,,,,,,,,
237,In America,['Jim Sheridan'],,"Apr 29, 2003","$15,323,959",,"['Naomi Sheridan', 'Kirsten Sheridan', 'Jim Sheridan']",365.0,In America,89%,176.0,2003.0,,,,,,,,
238,Mystic River,['Clint Eastwood'],,"Oct 8, 2003","$88,800,000",,['Brian Helgeland'],366.0,Mystic River,88%,204.0,2003.0,tt0327056,Mystic River,2003.0,"Crime,Drama,Mystery",8.0,385547.0,nm0000142,Clint Eastwood
239,Saraband,['Ingmar Bergman'],,"Dec 1, 2003","$478,554",,['Ingmar Bergman'],368.0,Saraband,91%,85.0,2003.0,tt0299478,Saraband,2003.0,"Drama,Music",7.7,6395.0,nm0000005,Ingmar Bergman
240,Stevie,['Steve James (II)'],,"Sep 9, 2003","
Lions Gate Releasing
",,[],369.0,Stevie,91%,75.0,2003.0,,,,,,,,
241,28 Days Later,['Danny Boyle'],,"Jun 27, 2003","$44,900,469",,['Alex Garland'],370.0,28 Days Later,86%,225.0,2003.0,,,,,,,,
242,A Mighty Wind,['Christopher Guest'],,"Apr 16, 2003","$17,475,811",,"['Christopher Guest', 'Eugene Levy']",374.0,A Mighty Wind,87%,175.0,2003.0,tt0310281,A Mighty Wind,2003.0,"Comedy,Music",7.3,24196.0,nm0001302,Christopher Guest
243,Tokyo Godfathers,"['Satoshi Kon', 'Shôgo Furuya']",,"Aug 30, 2003","

                                92 minutes
                            
",,"['Satoshi Kon', 'Keiko Nobumoto']",375.0,Tokyo Godfathers,90%,67.0,2003.0,tt0388473,Tokyo Godfathers,2003.0,"Adventure,Animation,Comedy",7.9,25932.0,"nm1561203,nm0464804",
244,Freaky Friday,['Mark Waters (VIII)'],,"Aug 6, 2003","$110,180,505",,"['Heather Hach', 'Leslie Dixon']",377.0,Freaky Friday,87%,151.0,2003.0,tt0322330,Freaky Friday,2003.0,"Comedy,Family,Fantasy",6.2,114142.0,nm0914134,Mark Waters
245,In This World,['Michael Winterbottom'],,"Sep 19, 2003","

                                88 minutes
                            
",,['Tony Grisoni'],382.0,In This World,89%,63.0,2003.0,,,,,,,,
246,Bend It like Beckham,['Gurinder Chadha'],,"Aug 1, 2003","$32,441,165",,"['Guljit Bindra', 'Paul Mayeda Berges', 'Gurinder Chadha']",383.0,Bend It like Beckham,85%,152.0,2003.0,,,,,,,,
247,Intimate Strangers,['John Llewellyn Moxey'],,"Nov 11, 1977","
                        
                            MGM
                        
                    ",,"['Esther Shapiro', 'Richard Shapiro']",386.0,Intimate Strangers,86%,104.0,2003.0,,,,,,,,
248,Elf,['Jon Favreau'],,"Nov 7, 2003","$173,400,000",,"['David Berenbaum', 'Jon Favreau']",387.0,Elf,83%,192.0,2003.0,tt0319343,Elf,2003.0,"Comedy,Family,Fantasy",6.9,189689.0,nm0269463,Jon Favreau
249,Funny Ha Ha,['Andrew Bujalski'],,"Jan 1, 2003","

                                89 minutes
                            
",,['Andrew Bujalski'],388.0,Funny Ha Ha,87%,39.0,2003.0,,,,,,,,
250,Pieces of April,['Peter Hedges'],,"Oct 17, 2003","$2,400,000",,['Peter Hedges'],391.0,Pieces of April,84%,150.0,2003.0,tt0311648,Pieces of April,2003.0,"Comedy,Drama",7.1,19228.0,nm0373282,Peter Hedges
251,Noi the Albino,['Dagur Kári'],,"Mar 19, 2003","

                                82 minutes
                            
",,['Dagur Kári'],,,,,,,,,,,,,
252,Ten,['Abbas Kiarostami'],,"Mar 5, 2003","

                                92 minutes
                            
",,['Abbas Kiarostami'],393.0,Ten,87%,52.0,2003.0,,,,,,,,
253,Matchstick Men,['Ridley Scott'],,"Sep 12, 2003","$36,873,198",,"['Nicholas Griffin', 'Ted Griffin']",394.0,Matchstick Men,82%,186.0,2003.0,tt0325805,Matchstick Men,2003.0,"Comedy,Crime,Drama",7.3,117354.0,nm0000631,Ridley Scott
254,The Secret Lives of Dentists,['Alan Rudolph'],,"Aug 1, 2003","$3,637,833",,['Craig Lucas'],395.0,The Secret Lives of Dentists,85%,95.0,2003.0,,,,,,,,
255,Swimming Pool,['François Ozon'],,"Jul 2, 2003","$9,942,554",,"['Emmanuèle Bernheim', 'François Ozon']",396.0,Swimming Pool,83%,153.0,2003.0,tt0324133,Swimming Pool,2003.0,"Crime,Drama,Mystery",6.8,39135.0,nm0654830,François Ozon
256,A Tale of Two Sisters,['Kim Jee-woon'],,"Jun 13, 2003","

                                114 minutes
                            
",,['Kim Jee-woon'],400.0,A Tale of Two Sisters,85%,60.0,2003.0,tt0365376,A Tale of Two Sisters,2003.0,"Drama,Horror,Thriller",7.2,50118.0,nm0453518,Jee-woon Kim
257,Lilja 4-ever,['Lukas Moodysson'],,"Jan 15, 2003","

                                109 minutes
                            
",,['Lukas Moodysson'],402.0,Lilja 4-ever,84%,69.0,2003.0,,,,,,,,
258,Gloomy Sunday,['Rolf Schübel'],,"Nov 14, 2003","$223,827",,"['Rolf Schübel', 'Ruth Toma']",404.0,Gloomy Sunday,84%,64.0,2003.0,,,,,,,,
259,21 Grams,['Alejandro González Iñárritu'],,"Nov 21, 2003","$16,162,920",,"['Guillermo Arriaga', 'Guillermo Arraiga']",405.0,21 Grams,80%,183.0,2003.0,tt0315733,21 Grams,2003.0,"Crime,Drama,Thriller",7.7,211547.0,nm0327944,Alejandro G. Iñárritu
260,Thirteen,['Catherine Hardwicke'],,"Aug 20, 2003","$4,500,238",,"['Catherine Hardwicke', 'Nikki Reed']",406.0,Thirteen,81%,152.0,2003.0,tt0328538,Thirteen,2003.0,Drama,6.8,75421.0,nm0362566,Catherine Hardwicke
261,Bad Santa,['Terry Zwigoff'],,"Nov 26, 2003","

                                91 minutes
                            
",,"['Glenn Ficarra', 'John Requa', 'Terry Zwigoff']",409.0,Bad Santa,78%,217.0,2003.0,tt0307987,Bad Santa,2003.0,"Comedy,Crime,Drama",7.1,126738.0,nm0959062,Terry Zwigoff
262,Stone Reader,['Mark Moskowitz'],,"Jan 11, 2003","

                                145 minutes
                            
",,['Mark Moskowitz'],410.0,Stone Reader,83%,65.0,2003.0,,,,,,,,
263,Open Range,['Kevin Costner'],,"Aug 15, 2003","$58,260,046",,['Craig Storper'],412.0,Open Range,79%,183.0,2003.0,tt0316356,Open Range,2003.0,"Action,Drama,Romance",7.5,61501.0,nm0000126,Kevin Costner
264,Confessions of a Dangerous Mind,['George Clooney'],,"Aug 15, 2003","

                                124 minutes
                            
",,['Charlie Kaufman'],413.0,Confessions of a Dangerous Mind,79%,164.0,2003.0,,,,,,,,
265,Chihwaseon,"['Kwon-taek Im', 'Im Kwon-Taek']",,"Feb 14, 2003","

                                117 minutes
                            
",,"['Kwon-taek Im', 'Yong-ok Kim', 'Kim Youn-Oak']",414.0,Chihwaseon,83%,41.0,2003.0,,,,,,,,
266,25th Hour,['Spike Lee'],,"Jan 10, 2003","

                                134 minutes
                            
",,['David Benioff'],415.0,25th Hour,78%,174.0,2003.0,,,,,,,,
267,Seabiscuit,['Gary Ross'],,"Jul 25, 2003","$120,147,445",,['Gary Ross'],416.0,Seabiscuit,77%,202.0,2003.0,tt0329575,Seabiscuit,2003.0,"Drama,History,Sport",7.3,62853.0,nm0002657,Gary Ross
269,Step Into Liquid,['Dana Brown'],,"Aug 8, 2003","$3,640,512",,['Dana Brown'],418.0,Step Into Liquid,81%,80.0,2003.0,tt0308508,Step Into Liquid,2003.0,"Documentary,Sport",7.5,2482.0,nm1440144,Dana Brown
270,Ghosts of the Abyss,['James Cameron'],,"Apr 27, 2004","

                                59 minutes
                            
",,[],419.0,Ghosts of the Abyss,80%,102.0,2003.0,tt0297144,Ghosts of the Abyss,2003.0,"Documentary,Family",6.9,4672.0,nm0000116,James Cameron
271,Blue Car,['Karen Moncrieff'],,"May 2, 2003","

                                96 minutes
                            
",,['Karen Moncrieff'],421.0,Blue Car,80%,88.0,2003.0,,,,,,,,
272,Charlotte Sometimes,['Eric Byler'],,"May 2, 2003","

                                85 minutes
                            
",,['Eric Byler'],425.0,Charlotte Sometimes,81%,43.0,2003.0,,,,,,,,
273,Mondays in the Sun,['Fernando León de Aranoa'],,"Jul 25, 2003","

                                113 minutes
                            
",,"['Ignacio del Moral', 'Fernando León de Aranoa']",,,,,,,,,,,,,
274,Owning Mahowny,['Richard Kwietniowski'],,"May 2, 2003","$726,886",,"['Maurice Chauvet', 'Richard Kwietniowski']",428.0,Owning Mahowny,79%,95.0,2003.0,tt0285861,Owning Mahowny,2003.0,"Crime,Drama,Thriller",7.1,11857.0,nm0477193,Richard Kwietniowski
275,Friday Night,['Claire Denis'],,"May 2, 2003","

                                90 minutes
                            
",,"['Claire Denis', 'Emmanuèle Bernheim']",430.0,Friday Night,80%,54.0,2003.0,tt0357680,Friday Night,2003.0,"Drama,Short",2.6,36.0,nm0289186,Paul Fox
276,I Capture the Castle,['Tim Fywell'],,"Jul 11, 2003","$967,506",,['Heidi Thomas'],431.0,I Capture the Castle,79%,84.0,2003.0,tt0300015,I Capture the Castle,2003.0,"Drama,Romance",7.0,6503.0,nm0299563,Tim Fywell
277,Bubba Ho-Tep,['Don Coscarelli'],,"Oct 2, 2003","

                                92 minutes
                            
",,['Don Coscarelli'],432.0,Bubba Ho-Tep,78%,106.0,2003.0,,,,,,,,
278,Holes,['Andrew Davis'],,"Apr 18, 2003","$67,325,559",,['Louis Sachar'],433.0,Holes,77%,136.0,2003.0,tt0311289,Holes,2003.0,"Adventure,Comedy,Drama",7.0,69439.0,nm0001112,Andrew Davis
279,The Matrix Reloaded,"['Lana Wachowski', 'Lilly Wachowski', 'The Wachowski Brothers']",,"May 7, 2003","$281,500,000",,"['Lilly Wachowski', 'Lana Wachowski']",434.0,The Matrix Reloaded,73%,245.0,2003.0,tt0234215,The Matrix Reloaded,2003.0,"Action,Sci-Fi",7.2,473749.0,"nm0905152,nm0905154",
280,Intolerable Cruelty,['Joel Coen'],,"Oct 10, 2003","$35,096,190",,"['Matthew Stone', 'Robert Ramsey', 'Joel Coen', 'Ethan Coen']",435.0,Intolerable Cruelty,75%,183.0,2003.0,tt0138524,Intolerable Cruelty,2003.0,"Comedy,Crime,Romance",6.3,84954.0,"nm0001054,nm0001053",
281,House of Sand and Fog,['Vadim Perelman'],,"Dec 26, 2003","$12,924,917",,"['Shane Otto', 'Vadim Perelman', 'Shawn Otto']",438.0,House of Sand and Fog,74%,182.0,2003.0,tt0315983,House of Sand and Fog,2003.0,"Crime,Drama",7.6,61443.0,nm1166926,Vadim Perelman
282,Calendar Girls,['Nigel Cole'],,"Dec 19, 2003","$30,937,521",,"['Juliette Towhidi', 'Tim Firth']",439.0,Calendar Girls,75%,124.0,2003.0,tt0337909,Calendar Girls,2003.0,"Comedy,Drama",6.9,21667.0,nm0170719,Nigel Cole
283,Sideways,['Alexander Payne'],,"Sep 13, 2004","$71,444,367",,"['Alexander Payne', 'Jim Taylor (III) ']",442.0,Sideways,96%,227.0,2004.0,tt0375063,Sideways,2004.0,"Comedy,Drama,Romance",7.5,168650.0,nm0668247,Alexander Payne
284,Maria Full of Grace,['Joshua Marston'],,"Jul 16, 2004","$6,517,198",,['Joshua Marston'],446.0,Maria Full of Grace,97%,144.0,2004.0,tt0390221,Maria Full of Grace,2004.0,"Crime,Drama",7.5,32569.0,nm0551358,Joshua Marston
285,Hero,['Yimou Zhang'],,"Aug 27, 2004","$53,583,486",,"['Feng Li', 'Bin Wang', 'Yimou Zhang']",447.0,Hero,95%,205.0,2004.0,,,,,,,,
286,Eternal Sunshine Of The Spotless Mind,['Michel Gondry'],,"Mar 19, 2004","$34,126,138",,['Charlie Kaufman'],450.0,Eternal Sunshine Of The Spotless Mind,93%,239.0,2004.0,,,,,,,,
287,Before Sunset,['Richard Linklater'],,"Jul 2, 2004","$5,600,000",,"['Richard Linklater', 'Ethan Hawke', 'Julie Delpy']",451.0,Before Sunset,95%,173.0,2004.0,tt0381681,Before Sunset,2004.0,"Drama,Romance",8.1,205266.0,nm0000500,Richard Linklater
288,Million Dollar Baby,['Clint Eastwood'],,"Dec 15, 2004","$100,422,786",,['Paul Haggis'],452.0,Million Dollar Baby,91%,267.0,2004.0,tt0405159,Million Dollar Baby,2004.0,"Drama,Sport",8.1,580758.0,nm0000142,Clint Eastwood
289,Control Room,['Jehane Noujaim'],,"May 21, 2004","$2,222,612",,"['Julia Bacha', 'Jehane Noujaim']",453.0,Control Room,96%,110.0,2004.0,tt0391024,Control Room,2004.0,Documentary,7.8,4913.0,nm0636675,Jehane Noujaim
290,Osama,['Siddiq Barmak'],,"Feb 6, 2004","

                                82 minutes
                            
",,['Siddiq Barmak'],454.0,Osama,96%,102.0,2004.0,,,,,,,,
291,Shaun of the Dead,['Edgar Wright'],,"Sep 24, 2004","$13,464,388",,"['Simon Pegg', 'Edgar Wright']",455.0,Shaun of the Dead,92%,205.0,2004.0,tt0365748,Shaun of the Dead,2004.0,"Comedy,Horror",7.9,464809.0,nm0942367,Edgar Wright
292,Touching the Void,['Kevin Macdonald'],,"Jun 15, 2004","

                                106 minutes
                            
",,[],456.0,Touching the Void,94%,140.0,2004.0,,,,,,,,
293,Born Into Brothels,"['Zana Briski', 'Ross Kauffman']",,"Dec 8, 2004","$3,370,574",,"['Zana Briski', 'Ross Kauffman']",457.0,Born Into Brothels,95%,107.0,2004.0,,,,,,,,
294,Harry Potter and the Prisoner of Azkaban,['Alfonso Cuarón'],,"Jun 4, 2004","$249,358,727",,['Steve Kloves'],458.0,Harry Potter and the Prisoner of Azkaban,90%,255.0,2004.0,tt0304141,Harry Potter and the Prisoner of Azkaban,2004.0,"Adventure,Family,Fantasy",7.9,482895.0,nm0190859,Alfonso Cuarón
296,Since Otar Left,['Julie Bertuccelli'],,"Apr 30, 2004","$220,305",,"['Julie Bertuccelli', 'Berenard Renucci', 'Roger Bohbot', 'Bernard Renucci']",460.0,Since Otar Left,96%,56.0,2004.0,,,,,,,,
297,The Return,['Andrey Zvyagintsev'],,"Feb 6, 2004","

                                98 minutes
                            
",,"['Vladimir Moiseenko', 'Aleksandr Novototskiy']",461.0,The Return,95%,86.0,2004.0,tt0618192,The Return,2004.0,"Action,Adventure,Animation",8.7,346.0,nm1690966,Joaquim Dos Santos
299,Super Size Me,['Morgan Spurlock'],,"May 7, 2004","$11,014,972",,['Morgan Spurlock'],464.0,Super Size Me,92%,170.0,2004.0,tt0390521,Super Size Me,2004.0,"Comedy,Documentary,Drama",7.2,95133.0,nm1041597,Morgan Spurlock
300,The Story of the Weeping Camel,"['Luigi Farloni', 'Byambasuren Davaa', 'Luigi Falorni']",,"Jun 4, 2004","$1,273,397",,"['Luigi Farloni', 'Byambasuren Davaa', 'Luigi Falorni']",465.0,The Story of the Weeping Camel,94%,102.0,2004.0,,,,,,,,
301,Hotel Rwanda,['Terry George'],,"Dec 22, 2004","$23,472,900",,"['Terry George', 'Keir Pearson', 'Kier Pearson']",466.0,Hotel Rwanda,91%,193.0,2004.0,tt0395169,Hotel Rwanda,2004.0,"Biography,Drama,History",8.1,310748.0,nm0313623,Terry George
302,Vera Drake,['Mike Leigh'],,"Oct 10, 2004","$3,627,889",,['Mike Leigh'],467.0,Vera Drake,92%,158.0,2004.0,tt0383694,Vera Drake,2004.0,"Crime,Drama",7.7,22314.0,nm0005139,Mike Leigh
303,Shrek 2,"['Conrad Vernon', 'Andrew Adamson', 'Kelly Asbury']",,"May 19, 2004","$436,471,036",,"['Joe Stillman', 'David N. Weiss', 'J. David Stern', 'J. David Stem', 'Andrew Adamson']",469.0,Shrek 2,89%,236.0,2004.0,tt0298148,Shrek 2,2004.0,"Adventure,Animation,Comedy",7.2,376512.0,"nm0038432,nm0011470,nm0970447",
305,Lost Boys of Sudan,"['Megan Mylan', 'Jon Shenk']",,"Nov 2, 2004","
Shadow Distribution
",,[],471.0,Lost Boys of Sudan,95%,44.0,2004.0,,,,,,,,
306,Kinsey,['Bill Condon'],,"Nov 12, 2004","$10,214,647",,['Bill Condon'],473.0,Kinsey,90%,195.0,2004.0,tt0362269,Kinsey,2004.0,"Biography,Drama,Romance",7.1,45680.0,nm0174374,Bill Condon
307,Riding Giants,"['Stacy Peralta', 'Sam George']",,"Jul 9, 2004","$2,068,426",,"['Sam George', 'Stacy Peralta']",474.0,Riding Giants,93%,95.0,2004.0,tt0389326,Riding Giants,2004.0,"Documentary,History,Sport",7.9,4146.0,nm0672769,Stacy Peralta
308,My Architect,['Nathaniel Kahn'],,"Feb 20, 2004","$2,672,377",,['Nathaniel Kahn'],475.0,My Architect,93%,91.0,2004.0,,,,,,,,
309,Downfall,['Oliver Hirschbiegel'],,"Dec 31, 2004","$5,475,810",,['Bernd Eichinger'],,,,,,,,,,,,,
310,Tarnation,['Jonathan Caouette'],,"Oct 6, 2004","$417,541",,['Jonathan Caouette'],477.0,Tarnation,92%,103.0,2004.0,,,,,,,,
311,Nobody Knows,['Hirokazu Koreeda'],,"Oct 21, 2004","$491,773",,['Hirokazu Koreeda'],,,,,,,,,,,,,
312,Collateral,['Michael Mann'],,"Aug 6, 2004","$100,003,492",,['Stuart Beattie'],481.0,Collateral,86%,234.0,2004.0,tt0369339,Collateral,2004.0,"Crime,Drama,Thriller",7.5,333067.0,nm0000520,Michael Mann
314,House of Flying Daggers,['Yimou Zhang'],,"Dec 3, 2004","$10,928,042",,"['Feng Li', 'Bin Wang', 'Yimou Zhang']",483.0,House of Flying Daggers,88%,171.0,2004.0,tt0385004,House of Flying Daggers,2004.0,"Action,Adventure,Drama",7.6,101577.0,nm0955443,Yimou Zhang
315,Kitchen Stories,"['Bent Hamer', 'Brent Hamer']",,"Feb 20, 2004","

                                95 minutes
                            
",,"['Bent Hamer', 'Jörgen Bergmark']",485.0,Kitchen Stories,91%,74.0,2004.0,,,,,,,,
316,Shaolin Soccer,['Stephen Chow'],,"Apr 2, 2004","$172,448",,"['Stephen Chow', 'Tsang Kan Cheong', 'Tsang Ken-cheong']",488.0,Shaolin Soccer,90%,93.0,2004.0,,,,,,,,
317,Mean Creek,['Jacob Aaron Estes'],,"Aug 20, 2004","$295,919",,['Jacob Aaron Estes'],489.0,Mean Creek,89%,124.0,2004.0,tt0377091,Mean Creek,2004.0,"Crime,Drama",7.2,29004.0,nm1096524,Jacob Estes
318,My Summer of Love,"['Pavel Pavlikovskiy', 'Pawel Pawlikowski']",,"Jun 17, 2004","$859,409",,"['Pavel Pavlikovskiy', 'Michael Wynne', 'Pawel Pawlikowski']",492.0,My Summer of Love,90%,91.0,2004.0,tt0382189,My Summer of Love,2004.0,"Drama,Romance,Thriller",6.8,18409.0,nm0667734,Pawel Pawlikowski
319,The Woodsman,['Nicole Kassell'],,"Dec 24, 2004","$1,456,291",,"['Nicole Kassell', 'Steven Fechter']",493.0,The Woodsman,88%,130.0,2004.0,tt0361127,The Woodsman,2004.0,Drama,7.2,30252.0,nm0975026,Nicole Kassell
320,Garden State,['Zach Braff'],,"Jul 28, 2004","$26,706,668",,['Zach Braff'],494.0,Garden State,86%,191.0,2004.0,tt0333766,Garden State,2004.0,"Comedy,Drama,Romance",7.5,200616.0,nm0103785,Zach Braff
322,Bad Education,['Pedro Almodóvar'],,"Nov 19, 2004","$4,977,869",,['Pedro Almodóvar'],498.0,Bad Education,87%,143.0,2004.0,tt0275491,Bad Education,2004.0,"Crime,Drama",7.5,50915.0,nm0000264,Pedro Almodóvar
323,Last Life in the Universe,['Pen-Ek Ratanaruang'],,"Aug 6, 2004","

                                108 minutes
                            
",,"['Pen-Ek Ratanaruang', 'Prabda Yoon']",504.0,Last Life in the Universe,90%,41.0,2004.0,,,,,,,,
324,3-Iron,['Kim Ki-duk'],,"Oct 15, 2004","$100,000",,['Kim Ki-duk'],510.0,3-Iron,87%,91.0,2004.0,tt0423866,3-Iron,2004.0,"Crime,Drama,Romance",8.1,44614.0,nm1104118,Ki-duk Kim
325,Touch The Sound,['Thomas Riedelsheimer'],,"Jan 1, 2004","

                                99 minutes
                            
",,['Thomas Riedelsheimer'],511.0,Touch The Sound,88%,51.0,2004.0,,,,,,,,
326,Mean Girls,['Mark Waters (VIII)'],,"Apr 30, 2004","$85,974,306",,['Tina Fey'],515.0,Mean Girls,83%,181.0,2004.0,tt0377092,Mean Girls,2004.0,Comedy,7.0,297988.0,nm0914134,Mark Waters
328,Finding Neverland,['Marc Forster'],,"Nov 12, 2004","

                                101 minutes
                            
",,['David Magee'],517.0,Finding Neverland,82%,204.0,2004.0,tt0308644,Finding Neverland,2004.0,"Biography,Drama,Family",7.7,190119.0,nm0286975,Marc Forster
329,In Good Company,['Paul Weitz'],,"Dec 29, 2004","$45,489,752",,['Paul Weitz'],518.0,In Good Company,83%,169.0,2004.0,tt0385267,In Good Company,2004.0,"Comedy,Drama,Romance",6.5,51613.0,nm0919369,Paul Weitz
330,Crimson Gold,['Jafar Panahi'],,"Feb 6, 2004","

                                95 minutes
                            
",,['Abbas Kiarostami'],519.0,Crimson Gold,86%,74.0,2004.0,,,,,,,,
331,The Sea Inside,['Alejandro Amenábar'],,"Nov 14, 2004","$1,870,746",,"['Alejandro Amenábar', 'Mateo Gil']",,,,,,,,,,,,,
332,The Motorcycle Diaries,['Walter Salles'],,"Jan 15, 2004","$16,680,023",,['Jose Rivera'],521.0,The Motorcycle Diaries,83%,157.0,2004.0,tt0318462,The Motorcycle Diaries,2004.0,"Adventure,Biography,Drama",7.8,91175.0,nm0758574,Walter Salles
333,Bright Leaves,['Ross McElwee'],,"Aug 25, 2004","

                                107 minutes
                            
",,['Ross McElwee'],523.0,Bright Leaves,86%,56.0,2004.0,,,,,,,,
334,Wilbur Wants to Kill Himself,['Lone Scherfig'],,"Mar 12, 2004","

                                106 minutes
                            
",,"['Anders Thomas Jensen', 'Lone Scherfig']",524.0,Wilbur Wants to Kill Himself,85%,79.0,2004.0,,,,,,,,
335,Hellboy,['Guillermo del Toro'],,"Apr 2, 2004","$59,035,104",,['Guillermo del Toro'],525.0,Hellboy,81%,200.0,2004.0,tt0167190,Hellboy,2004.0,"Action,Fantasy,Horror",6.9,282866.0,nm0868219,Guillermo del Toro
336,Monster,['Patty Jenkins'],,"Jan 9, 2004","$34,187,787",,['Patty Jenkins'],527.0,Monster,81%,186.0,2004.0,tt0434706,Monster,2004.0,"Animation,Crime,Drama",8.7,15635.0,"nm1841039,nm0463628",
337,Friday Night Lights,['Peter Berg'],,"Oct 8, 2004","$60,600,000",,"['David Aaron Cohen', 'Peter Berg']",531.0,Friday Night Lights,81%,171.0,2004.0,tt0390022,Friday Night Lights,2004.0,"Action,Drama,Sport",7.3,53869.0,nm0000916,Peter Berg
339,Ray,['Taylor Hackford'],,"Oct 29, 2004","$75,000,000",,"['James L. White', 'Taylor Hackford', 'Jimmy ""Whirlwind"" White']",533.0,Ray,80%,201.0,2004.0,tt0350258,Ray,2004.0,"Biography,Drama,Music",7.7,126594.0,nm0000431,Taylor Hackford
341,Red Lights,['Cédric Kahn'],,"Mar 3, 2004","$515,992",,"['Laurence Ferreira Barbosa', 'Cédric Kahn', 'Gilles Marchand']",535.0,Red Lights,83%,87.0,2004.0,tt0365190,Red Lights,2004.0,"Crime,Drama,Mystery",6.7,2462.0,nm0434806,Cédric Kahn
342,Miracle,"[""Gavin O'Connor""]",,"Feb 6, 2004","$64,329,473",,"['Eric Guggenheim', 'Mike Rich']",536.0,Miracle,80%,160.0,2004.0,tt0349825,Miracle,2004.0,"Biography,Drama,History",7.5,42883.0,nm0640334,Gavin O'Connor
343,Up and Down,['Jan Hrebejk'],,"Sep 16, 2004","

                                108 minutes
                            
",,"['Jan Hrebejk', 'Petr Jarchovský']",,,,,,,,,,,,,
344,Somersault,['Cate Shortland'],,"Apr 21, 2004","

                                106 minutes
                            
",,['Cate Shortland'],538.0,Somersault,83%,65.0,2004.0,tt0381429,Somersault,2004.0,"Drama,Romance",6.8,6917.0,nm0795153,Cate Shortland
345,A Very Long Engagement,['Jean-Pierre Jeunet'],,"Oct 27, 2004","$6,200,000",,"['Guillaume Laurant', 'Jean-Pierre Jeunet']",541.0,A Very Long Engagement,78%,147.0,2004.0,tt0344510,A Very Long Engagement,2004.0,"Drama,Mystery,Romance",7.7,67887.0,nm0000466,Jean-Pierre Jeunet
346,Two Brothers,['Jean-Jacques Annaud'],,"Jun 25, 2004","$18,947,630",,"['Alain Godard', 'Jean-Jacques Annaud']",543.0,Two Brothers,78%,114.0,2004.0,tt0338512,Two Brothers,2004.0,"Adventure,Drama,Family",7.1,13498.0,nm0000269,Jean-Jacques Annaud
347,The Machinist,['Brad Anderson'],,"Oct 22, 2004","$939,471",,['Scott Kosar'],548.0,The Machinist,77%,142.0,2004.0,tt0361862,The Machinist,2004.0,"Drama,Thriller",7.7,327105.0,nm0026442,Brad Anderson
348,Dawn of the Dead,['Zack Snyder'],,"Mar 19, 2004","$58,885,635",,['James Gunn (II)'],551.0,Dawn of the Dead,75%,184.0,2004.0,tt0363547,Dawn of the Dead,2004.0,Horror,7.3,218891.0,nm0811583,Zack Snyder
349,Overnight,"['Tony Montana', 'Mark Brian Smith']",,"May 10, 2005","
ThinkFilm
",,[],552.0,Overnight,78%,77.0,2004.0,,,,,,,,
350,Being Julia,['István Szabó'],,"Oct 15, 2004","$7,652,647",,['Ronald Harwood'],554.0,Being Julia,76%,123.0,2004.0,tt0340012,Being Julia,2004.0,"Comedy,Drama,Romance",7.0,11510.0,nm0843640,István Szabó
351,Brother to Brother,['Rodney Evans'],,"Nov 5, 2004","

                                90 minutes
                            
",,['Rodney Evans'],558.0,Brother to Brother,77%,43.0,2004.0,tt0306597,Brother to Brother,2004.0,Drama,7.0,1018.0,nm0263179,Rodney Evans
352,Murderball,"['Henry Alex Rubin', 'Dana Adam Shapiro']",,"Jul 22, 2005","$1,328,551",,['Dana Adam Shapiro'],559.0,Murderball,98%,138.0,2005.0,tt0436613,Murderball,2005.0,"Documentary,Sport",7.7,9508.0,"nm0748066,nm1785691",
354,March of the Penguins,['Luc Jacquet'],,"Jun 24, 2005","$77,100,000",,"['Luc Jacquet', 'Michel Fessler']",564.0,March of the Penguins,95%,182.0,2005.0,tt0428803,March of the Penguins,2005.0,"Documentary,Family",7.6,53066.0,nm0415207,Luc Jacquet
355,Harry Potter and the Goblet of Fire,['Mike Newell'],,"Nov 18, 2005","$289,994,397",,['Steve Kloves'],570.0,Harry Potter and the Goblet of Fire,88%,250.0,2005.0,tt0330373,Harry Potter and the Goblet of Fire,2005.0,"Adventure,Family,Fantasy",7.7,482336.0,nm0001565,Mike Newell
357,Grizzly Man,['Werner Herzog'],,"Aug 12, 2005","$2,899,138",,['Werner Herzog'],572.0,Grizzly Man,92%,140.0,2005.0,tt0427312,Grizzly Man,2005.0,"Biography,Documentary",7.8,47962.0,nm0001348,Werner Herzog
358,Kung Fu Hustle,['Stephen Chow'],,"Apr 8, 2005","$17,025,579",,"['Lola Huo', 'Chan Mankeung', 'Tsang Ken-cheong', 'Stephen Chow']",574.0,Kung Fu Hustle,90%,186.0,2005.0,,,,,,,,
359,Ushpizin,['Gidi Dar'],,"Oct 19, 2005","$1,381,814",,"['Shuli Rand', 'Amit Yasur']",575.0,Ushpizin,94%,62.0,2005.0,,,,,,,,
360,Brokeback Mountain,['Ang Lee'],,"Dec 9, 2005","$82,970,165",,"['Larry McMurtry', 'Diana Ossana']",576.0,Brokeback Mountain,87%,240.0,2005.0,tt0388795,Brokeback Mountain,2005.0,"Drama,Romance",7.7,296834.0,nm0000487,Ang Lee
361,Duma,['Carroll Ballard'],,"Sep 30, 2005","$810,666",,"['Karen Janszen', 'Mark St. Germain']",577.0,Duma,93%,61.0,2005.0,tt0361715,Duma,2005.0,"Adventure,Drama,Family",7.3,7275.0,nm0050597,Carroll Ballard
362,Travelers and Magicians,['Khyentse Norbu'],,"Jan 28, 2005","

                                108 minutes
                            
",,['Khyentse Norbu'],578.0,Travelers and Magicians,93%,60.0,2005.0,,,,,,,,
363,A History of Violence,['David Cronenberg'],,"Sep 30, 2005","$31,500,000",,['Josh Olson'],579.0,A History of Violence,87%,211.0,2005.0,tt0399146,A History of Violence,2005.0,"Drama,Thriller",7.5,209438.0,nm0000343,David Cronenberg
365,Batman Begins,['Christopher Nolan'],,"Jun 14, 2005","$204,100,000",,"['Christopher Nolan', 'David S. Goyer']",581.0,Batman Begins,84%,276.0,2005.0,tt0372784,Batman Begins,2005.0,"Action,Adventure,Thriller",8.2,1178047.0,nm0634240,Christopher Nolan
367,Broken Flowers,['Jim Jarmusch'],,"Aug 5, 2005","$13,578,173",,['Jim Jarmusch'],583.0,Broken Flowers,87%,193.0,2005.0,tt0412019,Broken Flowers,2005.0,"Comedy,Drama,Mystery",7.2,91534.0,nm0000464,Jim Jarmusch
368,Head-On,['Ana Kokkinos'],,"Aug 13, 1999","

                                104 minutes
                            
",,"['Mira Robertson', 'Andrew Bovell', 'Ana Kokkinos']",584.0,Head-On,91%,86.0,2005.0,,,,,,,,
369,Millions,['Danny Boyle'],,"Mar 11, 2005","$6,423,868",,['Frank Cottrell Boyce'],586.0,Millions,88%,161.0,2005.0,,,,,,,,
370,King Kong,['Peter Jackson'],,"Dec 14, 2005","$218,100,000",,"['Fran Walsh', 'Philippa Boyens', 'Peter Jackson']",589.0,King Kong,84%,261.0,2005.0,tt0360717,King Kong,2005.0,"Action,Adventure,Drama",7.2,363270.0,nm0001392,Peter Jackson
372,Up for Grabs,['Michael Wranovics'],,"Apr 15, 2005","

                                90 minutes
                            
",,['Michael Wranovics'],591.0,Up for Grabs,92%,48.0,2005.0,,,,,,,,
373,Water,['Deepa Mehta'],,"Nov 4, 2005","$3,113,922",,['Deepa Mehta'],593.0,Water,90%,92.0,2005.0,tt0240200,Water,2005.0,"Drama,Romance",7.8,13602.0,nm0576548,Deepa Mehta
374,Paradise Now,['Hany Abu-Assad'],,"Nov 18, 2005","$1,300,000",,"['Hany Abu-Assad', 'Bero Beyer', 'Pierre Hodgson']",594.0,Paradise Now,89%,101.0,2005.0,tt0445620,Paradise Now,2005.0,"Crime,Drama,Thriller",7.5,21302.0,nm0009463,Hany Abu-Assad
375,After Innocence,['Jessica Sanders'],,"Oct 21, 2005","

                                95 minutes
                            
",,"['Jessica Sanders', 'Marc H. Simon']",595.0,After Innocence,91%,47.0,2005.0,tt0436039,After Innocence,2005.0,Documentary,7.8,738.0,nm1124618,Jessica Sanders
376,Junebug,['Phil Morrison'],,"Aug 3, 2005","$2,416,555",,['Angus MacLachlan'],597.0,Junebug,87%,134.0,2005.0,tt0418773,Junebug,2005.0,"Comedy,Drama",7.0,20920.0,nm0607275,Phil Morrison
377,New York Doll,['Greg Whiteley'],,"Apr 4, 2006","
First Independent Pictures
",,[],600.0,New York Doll,90%,51.0,2005.0,tt0436629,New York Doll,2005.0,"Documentary,Music",7.9,1574.0,nm1789501,Greg Whiteley
378,Tony Takitani,['Jun Ichikawa'],,"Jul 29, 2005","

                                75 minutes
                            
",,['Jun Ichikawa'],604.0,Tony Takitani,89%,53.0,2005.0,,,,,,,,
379,Walk the Line,['James Mangold'],,"Nov 18, 2005","$119,317,827",,"['James Mangold', 'Gill Dennis']",605.0,Walk the Line,83%,209.0,2005.0,tt0358273,Walk the Line,2005.0,"Biography,Drama,Music",7.9,210942.0,nm0003506,James Mangold
381,Turtles Can Fly,['Bahman Ghobadi'],,"Feb 17, 2005","$213,047",,['Bahman Ghobadi'],607.0,Turtles Can Fly,88%,73.0,2005.0,,,,,,,,
382,The Heart of the Game,"['Ward Serrill', 'Ward Serrell']",,"Jun 11, 2005","$360,467",,['Ward Serrill'],608.0,The Heart of the Game,87%,99.0,2005.0,tt0478166,The Heart of the Game,2005.0,"Documentary,Sport",7.6,898.0,nm2024238,Ward Serrill
383,Look at Me,['Agnès Jaoui'],,"Apr 1, 2005","$1,623,210",,"['Jean-Pierre Bacri', 'Agnès Jaoui']",609.0,Look at Me,87%,99.0,2005.0,,,,,,,,
384,Charlie and the Chocolate Factory,['Tim Burton'],,"Jul 15, 2005","$206,100,000",,['John August'],610.0,Charlie and the Chocolate Factory,82%,227.0,2005.0,tt0367594,Charlie and the Chocolate Factory,2005.0,"Adventure,Comedy,Family",6.6,385108.0,nm0000318,Tim Burton
387,Tell Them Who You Are,"['Mark Wexler', 'Mark S. Wexler']",,"May 13, 2005","

                                95 minutes
                            
",,"['Mark Wexler', 'Robert DeMaio']",613.0,Tell Them Who You Are,88%,65.0,2005.0,,,,,,,,
388,Ong-Bak,['Prachya Pinkaew'],,"Feb 11, 2005","$3,875,926",,"['Suphachai Sithiamphian', 'Suphachai Sithiamphan']",,,,,,,,,,,,,
389,Serenity,['Joss Whedon'],,"Sep 30, 2005","$25,335,935",,['Joss Whedon'],618.0,Serenity,83%,184.0,2005.0,tt0379786,Serenity,2005.0,"Action,Adventure,Sci-Fi",7.9,268315.0,nm0923736,Joss Whedon
390,2046,['Kar-Wai Wong'],,"Aug 5, 2005","$1,237,566",,['Kar-Wai Wong'],623.0,2046,85%,115.0,2005.0,,,,,,,,
391,Saving Face,['Alice Wu'],,"May 27, 2005","$1,000,385",,['Alice Wu'],624.0,Saving Face,86%,86.0,2005.0,tt0629565,Saving Face,2005.0,"Crime,Drama,Mystery",7.8,131.0,nm0908833,Rick Wallace
392,Mysterious Skin,['Gregg Araki'],,"May 6, 2005","$508,378",,['Gregg Araki'],625.0,Mysterious Skin,85%,107.0,2005.0,,,,,,,,
393,Gunner Palace,"['Petra Epperlein', 'Michael Tucker', 'Mike Tucker']",,"Jun 28, 2005","

                                85 minutes
                            
",,[],626.0,Gunner Palace,85%,105.0,2005.0,,,,,,,,
394,Mad Hot Ballroom,['Marilyn Agrelo'],,"May 20, 2005","$7,899,271",,['Amy Sewell'],627.0,Mad Hot Ballroom,84%,120.0,2005.0,tt0438205,Mad Hot Ballroom,2005.0,"Documentary,Family,Music",7.5,3250.0,nm1802009,Marilyn Agrelo
395,Rois et Reine,['Arnaud Desplechin'],,"May 13, 2005","$150,626",,"['Roger Bohbot', 'Arnaud Desplechin']",,,,,,,,,,,,,
396,Cinderella Man,['Ron Howard'],,"May 29, 2005","$61,600,000",,"['Ron Howard', 'Akiva Goldsman', 'Cliff Hollingsworth', 'C. Gaby Mitchell']",629.0,Cinderella Man,80%,211.0,2005.0,tt0352248,Cinderella Man,2005.0,"Biography,Drama,Sport",8.0,165477.0,nm0000165,Ron Howard
398,Three Times,['Hsiao-hsien Hou'],,"May 20, 2005","

                                135 minutes
                            
",,"[""T'ien-wen Chu"", 'Hsiao-hsien Hou']",,,,,,,,,,,,,
399,Inside Deep Throat,"['Fenton Bailey', 'Randy Barbato']",,"Feb 11, 2005","$479,143",,"['Randy Barbato', 'Fenton Bailey']",634.0,Inside Deep Throat,83%,120.0,2005.0,tt0418753,Inside Deep Throat,2005.0,"Biography,Documentary,History",6.7,6191.0,"nm0047259,nm0053190",
400,Rize,['David LaChapelle'],,"Oct 25, 2005","

                                85 minutes
                            
",,[],635.0,Rize,84%,93.0,2005.0,tt0436724,Rize,2005.0,"Documentary,Music",7.1,2998.0,nm0479999,David LaChapelle
401,13 Tzameti,['Géla Babluani'],,"Jul 28, 2005","

                                93 minutes
                            
",,['Géla Babluani'],638.0,13 Tzameti,84%,67.0,2005.0,tt0475169,13 Tzameti,2005.0,"Crime,Drama,Horror",7.4,16034.0,nm1201875,Géla Babluani
402,De zaak Alzheimer,['Erik Van Looy'],,"Aug 26, 2005","

                                120 minutes
                            
",,"['Jef Geeraerts', 'Carl Loos', 'Erik Van Looy']",,,,,,,,,,,,,
403,Sin City,"['Robert Rodriguez', 'Quentin Tarantino', 'Frank Miller (II)']",,"Apr 1, 2005","

                                124 minutes
                            
",,"['Frank Miller (II)', 'Robert Rodriguez']",640.0,Sin City,77%,249.0,2005.0,tt0401792,Sin City,2005.0,"Crime,Thriller",8.0,712149.0,"nm0588340,nm0001675,nm0000233",
404,Beyond the Gates,['Michael Caton-Jones'],,"Dec 8, 2005","

                                115 minutes
                            
",,"['David Wolstencroft', 'Richard Alwyn', 'David Belton']",641.0,Beyond the Gates,84%,63.0,2005.0,tt0420901,Beyond the Gates,2005.0,"Drama,History,War",7.7,10521.0,nm0001994,Michael Caton-Jones
405,Me and You and Everyone We Know,['Miranda July'],,"Jun 24, 2005","$3,800,000",,['Miranda July'],642.0,Me and You and Everyone We Know,82%,116.0,2005.0,tt0415978,Me and You and Everyone We Know,2005.0,"Comedy,Drama",7.3,33381.0,nm0432380,Miranda July
406,Aliens of the Deep,"['James Cameron', 'Steven Quale']",,"Nov 1, 2005","

                                47 minutes
                            
",,[],644.0,Aliens of the Deep,84%,61.0,2005.0,tt0417415,Aliens of the Deep,2005.0,"Documentary,Family",6.5,2520.0,"nm0702797,nm0000116",
407,Munich,['Steven Spielberg'],,"Dec 23, 2005","$47,379,090",,"['Tony Kushner', 'Eric Roth']",647.0,Munich,78%,206.0,2005.0,tt0408306,Munich,2005.0,"Drama,History,Thriller",7.6,197454.0,nm0000229,Steven Spielberg
408,Layer Cake,['Matthew Vaughn'],,"May 13, 2005","$2,277,736",,['J.J. Connolly'],648.0,Layer Cake,80%,140.0,2005.0,,,,,,,,
409,Dear Frankie,['Shona Auerbach'],,"Mar 4, 2005","

                                102 minutes
                            
",,"['Andrea Gibb', 'Shona Auerbach']",649.0,Dear Frankie,81%,111.0,2005.0,,,,,,,,
410,Oldboy,['Chan-wook Park'],,"Mar 25, 2005","$637,778",,"['Chan-wook Park', 'Lim Joon-hyung', 'Hwang Jo-yun', 'Lim Jun-hyeong']",650.0,Oldboy,80%,137.0,2005.0,,,,,,,,
411,Rock School,['Don Argott'],,"Sep 13, 2005","

                                93 minutes
                            
",,[],651.0,Rock School,82%,77.0,2005.0,tt0436727,Rock School,2005.0,"Documentary,Music",6.5,964.0,nm0034531,Don Argott
413,Lost Embrace,['Daniel Burman'],,"Feb 4, 2005","

                                97 minutes
                            
",,"['Marcelo Birmajer', 'Daniel Burman', 'Marcelo Biromajer']",653.0,Lost Embrace,83%,48.0,2005.0,,,,,,,,
414,War of the Worlds,['Steven Spielberg'],,"Jun 29, 2005","$234,141,872",,"['Josh Friedman', 'David Koepp']",654.0,War of the Worlds,75%,257.0,2005.0,tt0407304,War of the Worlds,2005.0,"Adventure,Sci-Fi,Thriller",6.5,384073.0,nm0000229,Steven Spielberg
416,Control,['Anton Corbijn'],,"May 17, 2007","$900,000",,['Matt Greenhalgh'],856.0,Control,88%,112.0,2007.0,tt0421082,Control,2007.0,"Biography,Drama,Music",7.7,57424.0,nm0179221,Anton Corbijn
418,Match Point,['Woody Allen'],,"Dec 28, 2005","$23,100,000",,['Woody Allen'],659.0,Match Point,76%,215.0,2005.0,tt0416320,Match Point,2005.0,"Drama,Romance,Thriller",7.6,189775.0,nm0000095,Woody Allen
420,Keane,['Lodge Kerrigan'],,"Sep 16, 2005","

                                94 minutes
                            
",,['Lodge Kerrigan'],662.0,Keane,81%,62.0,2005.0,,,,,,,,
421,Wedding Crashers,['David Dobkin'],,"Jul 15, 2005","$209,218,368",,"['Steve Faber', 'Bob Fisher']",664.0,Wedding Crashers,76%,186.0,2005.0,tt0396269,Wedding Crashers,2005.0,"Comedy,Romance",7.0,312095.0,nm0229694,David Dobkin
423,In Her Shoes,['Curtis Hanson'],,"Oct 7, 2005","$32,815,761",,['Susannah Grant'],668.0,In Her Shoes,75%,163.0,2005.0,tt0388125,In Her Shoes,2005.0,"Comedy,Drama,Romance",6.5,56364.0,nm0000436,Curtis Hanson
424,Zathura,['Jon Favreau'],,"Nov 11, 2005","$28,045,540",,"['David Koepp', 'John Kamps']",669.0,Zathura,75%,158.0,2005.0,,,,,,,,
425,Land of the Dead,['George A. Romero'],,"Jun 24, 2005","$20,433,940",,['George A. Romero'],672.0,Land of the Dead,74%,176.0,2005.0,tt0418819,Land of the Dead,2005.0,"Horror,Sci-Fi,Thriller",6.2,86606.0,nm0001681,George A. Romero
426,Syriana,['Stephen Gaghan'],,"Dec 9, 2005","$50,800,000",,['Stephen Gaghan'],673.0,Syriana,73%,197.0,2005.0,tt0365737,Syriana,2005.0,"Drama,Thriller",6.9,119815.0,nm0300866,Stephen Gaghan
428,Balzac and the Little Chinese Seamstress,['Dai Sijie'],,"Jul 29, 2005","$302,458",,"['Dai Sijie', 'Nadine Perront']",675.0,Balzac and the Little Chinese Seamstress,77%,62.0,2005.0,,,,,,,,
429,The Holy Girl,['Lucrecia Martel'],,"Apr 29, 2005","$234,013",,['Lucrecia Martel'],676.0,The Holy Girl,77%,61.0,2005.0,,,,,,,,
430,The Puffy Chair,['Jay Duplass'],,"Jan 1, 2005","$26,029",,"['Mark Duplass', 'Jay Duplass']",677.0,The Puffy Chair,77%,52.0,2005.0,tt0436689,The Puffy Chair,2005.0,"Comedy,Drama,Romance",6.5,4614.0,"nm0243233,nm0243231",
431,Casino Royale,['Martin Campbell'],,"Nov 17, 2006","$167,007,184",,"['Neal Purvis', 'Robert Wade', 'Paul Haggis']",680.0,Casino Royale,94%,254.0,2006.0,tt0381061,Casino Royale,2006.0,"Action,Adventure,Thriller",8.0,535164.0,nm0132709,Martin Campbell
432,Deliver Us from Evil,['Amy Berg'],,"Oct 13, 2006","

                                101 minutes
                            
",,['Amy Berg'],681.0,Deliver Us from Evil,100%,72.0,2006.0,tt0799679,Deliver Us from Evil,2006.0,"Drama,Romance,Western",8.6,18.0,nm0419158,Richard Jasek
434,The Departed,['Martin Scorsese'],,"Oct 6, 2006","$132,300,000",,['William Monahan'],683.0,The Departed,91%,276.0,2006.0,tt0407887,The Departed,2006.0,"Crime,Drama,Thriller",8.5,1061403.0,nm0000217,Martin Scorsese
435,Children of Men,['Alfonso Cuarón'],,"Dec 25, 2006","$35,100,000",,"['Alfonso Cuarón', 'Timothy J. Sexton', 'David Arata', 'Mark Fergus', 'Hawk Ostby']",684.0,Children of Men,92%,244.0,2006.0,tt0206634,Children of Men,2006.0,"Drama,Sci-Fi,Thriller",7.9,426342.0,nm0190859,Alfonso Cuarón
436,Blindsight,['Lucy Walker'],,"Jan 13, 2009","
Spark Entertainment
",,[],686.0,Blindsight,98%,50.0,2006.0,tt0841084,Blindsight,2006.0,"Adventure,Documentary",7.3,619.0,nm1013671,Lucy Walker
437,Wordplay,['Patrick Creadon'],,"Jun 16, 2006","$2,857,745",,"['Patrick Creadon', ""Christine O'Malley""]",688.0,Wordplay,95%,120.0,2006.0,tt0492506,Wordplay,2006.0,Documentary,7.4,3518.0,nm0187091,Patrick Creadon
438,49 Up,['Michael Apted'],,"Nov 14, 2006","
                        
                            First Run Features
                        
                    ",,[],689.0,49 Up,97%,65.0,2006.0,,,,,,,,
439,Little Miss Sunshine,"['Jonathan Dayton', 'Valerie Faris']",,"Jul 26, 2006","$59,831,476",,['Michael Arndt'],692.0,Little Miss Sunshine,91%,212.0,2006.0,tt0449059,Little Miss Sunshine,2006.0,"Comedy,Drama",7.8,406306.0,"nm0206760,nm0267512",
440,Letters from Iwo Jima,['Clint Eastwood'],,"Dec 20, 2006","$13,600,000",,['Iris Yamashita'],693.0,Letters from Iwo Jima,91%,200.0,2006.0,tt0498380,Letters from Iwo Jima,2006.0,"Drama,History,War",7.9,145569.0,nm0000142,Clint Eastwood
441,The Lives of Others,['Florian Henckel von Donnersmarck'],,"Mar 23, 2006","$11,200,000",,['Florian Henckel von Donnersmarck'],696.0,The Lives of Others,92%,158.0,2006.0,tt0405094,The Lives of Others,2006.0,"Drama,Thriller",8.4,318267.0,nm0003697,Florian Henckel von Donnersmarck
442,United 93,['Paul Greengrass'],,"Apr 28, 2006","$31,500,000",,['Paul Greengrass'],697.0,United 93,90%,209.0,2006.0,tt0475276,United 93,2006.0,"Drama,History,Thriller",7.6,92336.0,nm0339030,Paul Greengrass
445,Volver,['Pedro Almodóvar'],,"Nov 3, 2006","$12,830,604",,['Pedro Almodóvar'],700.0,Volver,91%,168.0,2006.0,tt0441909,Volver,2006.0,"Comedy,Drama",7.6,87099.0,nm0000264,Pedro Almodóvar
447,Offside,['Jafar Panahi'],,"Feb 17, 2006","$200,000",,"['Jafar Panahi', 'Shadmehr Rastin']",702.0,Offside,94%,83.0,2006.0,tt0499537,Offside,2006.0,"Comedy,Drama,Sport",7.3,6799.0,nm0070159,Jafar Panahi
451,Half Nelson,['Ryan Fleck'],,"Aug 11, 2006","$2,591,047",,"['Anna Boden', 'Ryan Fleck']",708.0,Half Nelson,90%,157.0,2006.0,tt0468489,Half Nelson,2006.0,Drama,7.2,80031.0,nm0281396,Ryan Fleck
452,Lassie,['Charles Sturridge'],,"Sep 1, 2006","$548,277",,['Charles Sturridge'],711.0,Lassie,93%,68.0,2006.0,,,,,,,,
453,Venus,['Roger Michell'],,"Dec 21, 2006","$3,261,449",,['Hanif Kureishi'],712.0,Venus,89%,151.0,2006.0,tt0489327,Venus,2006.0,"Comedy,Drama,Romance",7.1,11959.0,nm0585011,Roger Michell
455,Blame It on Fidel,"['Julie Gavras', 'Julia Gavras']",,"Nov 1, 2006","

                                98 minutes
                            
",,['Julie Gavras'],,,,,,,,,,,,,
456,Inside Man,['Spike Lee'],,"Mar 24, 2006","$88,439,515",,['Russell Gewirtz'],719.0,Inside Man,86%,201.0,2006.0,tt0454848,Inside Man,2006.0,"Crime,Drama,Mystery",7.6,311314.0,nm0000490,Spike Lee
457,Notes on a Scandal,['Richard Eyre'],,"Dec 25, 2006","$17,400,000",,['Patrick Marber'],720.0,Notes on a Scandal,87%,172.0,2006.0,tt0465551,Notes on a Scandal,2006.0,"Crime,Drama,Romance",7.4,70702.0,nm0264236,Richard Eyre
458,Iraq in Fragments,['James Longley'],,"May 1, 2007","
Typecast
",,[],721.0,Iraq in Fragments,91%,65.0,2006.0,tt0492466,Iraq in Fragments,2006.0,"Documentary,War",7.3,1345.0,nm1228118,James Longley
459,Who Killed the Electric Car?,['Chris Paine'],,"Jun 28, 2006","$1,324,335",,['Chris Paine'],725.0,Who Killed the Electric Car?,89%,105.0,2006.0,tt0489037,Who Killed the Electric Car?,2006.0,Documentary,7.7,11828.0,nm2071216,Chris Paine
460,Thank You for Smoking,['Jason Reitman'],,"Jan 20, 2006","$24,800,000",,['Jason Reitman'],726.0,Thank You for Smoking,86%,179.0,2006.0,tt0799555,Thank You for Smoking,2006.0,Horror,7.6,5.0,nm0441325,Brian Katkin
461,Stephanie Daley,['Hilary Brougher'],,"Jan 21, 2006","

                                91 minutes
                            
",,['Hilary Brougher'],728.0,Stephanie Daley,90%,50.0,2006.0,tt0483812,Stephanie Daley,2006.0,Drama,6.3,1614.0,nm0112668,Hilary Brougher
462,The Descent,['Neil Marshall'],,"Aug 4, 2006","$26,005,908",,['Neil Marshall'],729.0,The Descent,85%,173.0,2006.0,,,,,,,,
463,Slither,['James Gunn (II)'],,"Mar 31, 2006","$7,774,730",,['James Gunn (II)'],730.0,Slither,86%,138.0,2006.0,tt0439815,Slither,2006.0,"Comedy,Horror,Sci-Fi",6.5,69151.0,nm0348181,James Gunn
465,Jesus Camp,"['Heidi Ewing', 'Rachel Grady']",,"Jan 23, 2007","

                                86 minutes
                            
",,[],735.0,Jesus Camp,87%,103.0,2006.0,tt0486358,Jesus Camp,2006.0,Documentary,7.4,25169.0,"nm1823216,nm1823227",
466,Akeelah and the Bee,['Doug Atchison'],,"Apr 28, 2006","$18,811,135",,['Doug Atchison'],738.0,Akeelah and the Bee,85%,140.0,2006.0,tt0437800,Akeelah and the Bee,2006.0,"Drama,Family",7.4,17056.0,nm0040328,Doug Atchison
467,Man Push Cart,['Ramin Bahrani'],,"May 12, 2006","

                                86 minutes
                            
",,['Ramin Bahrani'],740.0,Man Push Cart,88%,48.0,2006.0,,,,,,,,
468,Maxed Out,['James D. Scurlock'],,"Mar 10, 2006","

                                86 minutes
                            
",,['James D. Scurlock'],745.0,Maxed Out,87%,47.0,2006.0,tt0762117,Maxed Out,2006.0,Documentary,7.3,2113.0,nm1749001,James D. Scurlock
470,El Aura,['Fabián Bielinsky'],,"Nov 15, 2006","

                                134 minutes
                            
",,['Fabián Bielinsky'],,,,,,,,,,,,,
471,The Ground Truth,['Patricia Foulkrod'],,"Sep 15, 2006","

                                79 minutes
                            
",,['Patricia Foulkrod'],748.0,The Ground Truth,87%,47.0,2006.0,tt0446345,The Ground Truth,2006.0,"Documentary,War",7.6,710.0,nm0288326,Patricia Foulkrod
472,This Film Is Not Yet Rated,['Kirby Dick'],,"Sep 1, 2006","

                                97 minutes
                            
",,"['Kirby Dick', 'Eddie Schmidt', 'Matt Patterson']",750.0,This Film Is Not Yet Rated,84%,116.0,2006.0,tt0493459,This Film Is Not Yet Rated,2006.0,Documentary,7.5,26638.0,nm0225269,Kirby Dick
473,Sweet Land,['Ali Selim'],,"Oct 13, 2006","$1,265,486",,['Ali Selim'],751.0,Sweet Land,85%,73.0,2006.0,,,,,,,,
474,Air Guitar Nation,['Alexandra Lipsitz'],,"Aug 28, 2007","
Shadow Distribution
",,[],753.0,Air Guitar Nation,85%,66.0,2006.0,tt0799915,Air Guitar Nation,2006.0,"Biography,Documentary,Music",7.1,1263.0,nm1199614,Alexandra Lipsitz
475,Paprika,['Satoshi Kon'],,"Oct 7, 2006","$720,502",,"['Seishi Minakami', 'Satoshi Kon']",754.0,Paprika,84%,88.0,2006.0,tt0851578,Paprika,2006.0,"Animation,Drama,Fantasy",7.7,59978.0,nm0464804,Satoshi Kon
476,Old Joy,['Kelly Reichardt'],,"Aug 25, 2006","

                                73 minutes
                            
",,"['Kelly Reichardt', 'Jonathan Raymond']",755.0,Old Joy,84%,88.0,2006.0,tt0468526,Old Joy,2006.0,Drama,6.7,5436.0,nm0716980,Kelly Reichardt
477,Mutual Appreciation,['Andrew Bujalski'],,"Sep 1, 2006","

                                108 minutes
                            
",,['Andrew Bujalski'],756.0,Mutual Appreciation,85%,55.0,2006.0,,,,,,,,
478,Tsotsi,['Gavin Hood'],,"Feb 24, 2006","$2,753,840",,['Gavin Hood'],,,,,,,,,,,,,
479,Little Children,['Todd Field'],,"Oct 6, 2006","$5,307,219",,"['Todd Field', 'Tom Perrotta']",758.0,Little Children,80%,161.0,2006.0,tt0404203,Little Children,2006.0,"Drama,Romance",7.5,100078.0,nm0276062,Todd Field
480,Dreamgirls,['Bill Condon'],,"Dec 25, 2006","$103,300,000",,['Bill Condon'],761.0,Dreamgirls,78%,206.0,2006.0,tt0443489,Dreamgirls,2006.0,"Drama,Music,Musical",6.5,63938.0,nm0174374,Bill Condon
481,The Year My Parents Went on Vacation,['Cao Hamburger'],,"Sep 26, 2006","

                                104 minutes
                            
",,"['Anna Muylaert', 'Bráulio Mantovani', 'Cao Hamburger', 'Claudio Galperin']",,,,,,,,,,,,,
482,Sketches of Frank Gehry,['Sydney Pollack'],,"Aug 22, 2006","

                                83 minutes
                            
",,[],763.0,Sketches of Frank Gehry,82%,78.0,2006.0,,,,,,,,
483,Superman Returns,['Bryan Singer'],,"Jun 28, 2006","$200,100,000",,"['Daniel Harris', 'Michael Dougherty', 'Dan Harris']",764.0,Superman Returns,75%,261.0,2006.0,tt0348150,Superman Returns,2006.0,"Action,Adventure,Sci-Fi",6.1,259212.0,nm0001741,Bryan Singer
485,Come Early Morning,['Joey Lauren Adams'],,"Nov 10, 2006","$50,160",,['Joey Lauren Adams'],766.0,Come Early Morning,83%,48.0,2006.0,tt0457308,Come Early Morning,2006.0,"Drama,Romance",6.2,2471.0,nm0000725,Joey Lauren Adams
486,District B13,['Pierre Morel'],,"Jun 2, 2006","$1,150,592",,"['Bibi Naceri', 'Luc Besson']",,,,,,,,,,,,,
487,Brick,['Rian Johnson'],,"Apr 21, 2006","$1,973,180",,['Rian Johnson'],769.0,Brick,79%,140.0,2006.0,,,,,,,,
488,Rocky Balboa,['Sylvester Stallone'],,"Dec 22, 2006","$70,147,850",,['Sylvester Stallone'],770.0,Rocky Balboa,77%,180.0,2006.0,tt0479143,Rocky Balboa,2006.0,"Drama,Sport",7.2,188550.0,nm0000230,Sylvester Stallone
489,Priceless,['Pierre Salvadori'],,"Nov 18, 2006","$2,036,198",,"['Pierre Salvadori', 'Benoît Graffin']",771.0,Priceless,81%,74.0,2006.0,tt0482088,Priceless,2006.0,"Comedy,Romance",7.0,28967.0,nm0759270,Pierre Salvadori
491,Riding Alone for Thousands of Miles,['Yimou Zhang'],,"Sep 1, 2006","

                                107 minutes
                            
",,"['zou Jenghi', 'Yimou Zhang', 'Jingzhi Zou']",776.0,Riding Alone for Thousands of Miles,80%,75.0,2006.0,,,,,,,,
492,Taxidermia,['György Pálfi'],,"Feb 3, 2006","

                                91 minutes
                            
",,"['György Pálfi', 'Zsófia Ruttkay']",777.0,Taxidermia,81%,47.0,2006.0,tt0410730,Taxidermia,2006.0,"Comedy,Drama,Horror",7.0,15190.0,nm0701650,György Pálfi
493,The Devil Wears Prada,['David Frankel'],,"Jun 30, 2006","$124,700,000",,['Aline Brosh McKenna'],779.0,The Devil Wears Prada,75%,193.0,2006.0,tt0458352,The Devil Wears Prada,2006.0,"Comedy,Drama",6.9,335834.0,nm0291205,David Frankel
494,V for Vendetta,['James McTeigue'],,"Mar 17, 2006","$70,500,000",,"['Lilly Wachowski', 'Lana Wachowski']",780.0,V for Vendetta,73%,245.0,2006.0,,,,,,,,
495,Happy Feet,"['George Miller', 'Warren Coleman', 'Judy Morris']",,"Nov 17, 2006","$197,800,000",,"['George Miller', 'John Collee', 'Warren Coleman', 'Judy Morris']",781.0,Happy Feet,76%,165.0,2006.0,tt0366548,Happy Feet,2006.0,"Adventure,Animation,Comedy",6.5,156142.0,"nm0171253,nm0004306,nm0606688",
498,Transamerica,['Duncan Tucker'],,"Jan 20, 2006","$8,713,873",,['Duncan Tucker'],784.0,Transamerica,77%,138.0,2006.0,,,,,,,,
499,House of Sand,['Andrucha Waddington'],,"Aug 11, 2006","$379,450",,['Elena Soarez'],785.0,House of Sand,79%,70.0,2006.0,,,,,,,,
500,Cars,"['John Lasseter', 'Joe Ranft']",,"Jun 9, 2006","$244,052,771",,"['John Lasseter', 'Dan Fogelman', 'Joe Ranft', 'Kiel Murray', 'Phil Lorin', 'Jorgen Klubien']",786.0,Cars,74%,199.0,2006.0,tt0317219,Cars,2006.0,"Animation,Comedy,Family",7.1,324131.0,"nm0005124,nm0710020",
502,Over the Hedge,"['Tim Johnson', 'Karey Kirkpatrick']",,"May 19, 2006","$155,019,340",,"['Karey Kirkpatrick', 'Len Blum', 'Lorne Cameron', 'David Hoselton']",788.0,Over the Hedge,75%,170.0,2006.0,tt0327084,Over the Hedge,2006.0,"Adventure,Animation,Comedy",6.7,146144.0,"nm0426333,nm0456732",
504,Catch a Fire,['Phillip Noyce'],,"Oct 27, 2006","$4,291,965",,['Shawn Slovo'],792.0,Catch a Fire,75%,146.0,2006.0,tt0437232,Catch a Fire,2006.0,"Biography,Drama,History",6.7,9738.0,nm0637518,Phillip Noyce
505,Factotum,"['Brent Hamer', 'Bent Hamer']",,"Aug 18, 2006","$800,000",,"['Bent Hamer', 'Jim Stark']",793.0,Factotum,76%,117.0,2006.0,,,,,,,,
506,Ratatouille,"['Jan Pinkava', 'Brad Bird']",,"Jun 29, 2007","$112,408,657",,['Brad Bird'],794.0,Ratatouille,96%,246.0,2007.0,tt0382932,Ratatouille,2007.0,"Adventure,Animation,Comedy",8.0,570931.0,"nm0083348,nm0684342",
508,Taxi to the Dark Side,['Alex Gibney'],,"Apr 28, 2007","

                                106 minutes
                            
",,['Alex Gibney'],796.0,Taxi to the Dark Side,100%,92.0,2007.0,tt0854678,Taxi to the Dark Side,2007.0,"Crime,Documentary,War",7.5,13618.0,nm0316795,Alex Gibney
509,No Country for Old Men,"['Joel Coen', 'Ethan Coen']",,"Nov 21, 2007","$74,223,625",,"['Ethan Coen', 'Joel Coen']",797.0,No Country for Old Men,93%,280.0,2007.0,tt0477348,No Country for Old Men,2007.0,"Crime,Drama,Thriller",8.1,757675.0,"nm0001054,nm0001053",
510,Once,['John Carney'],,"May 18, 2007","$9,199,193",,['John Carney'],798.0,Once,97%,156.0,2007.0,tt0907657,Once,2007.0,"Drama,Music,Romance",7.9,104441.0,nm0138809,John Carney
511,Persepolis,"['Marjane Satrapi', 'Vincent Paronnaud']",,"Dec 25, 2007","$4,400,000",,"['Vincent Paronnaud', 'Marjane Satrapi']",800.0,Persepolis,96%,159.0,2007.0,tt0808417,Persepolis,2007.0,"Animation,Biography,Drama",8.1,81357.0,"nm2277869,nm1749112",
512,Juno,['Jason Reitman'],,"Dec 5, 2007","$143,380,890",,['Diablo Cody'],801.0,Juno,94%,210.0,2007.0,tt0467406,Juno,2007.0,"Comedy,Drama",7.5,462803.0,nm0718646,Jason Reitman
513,Gone Baby Gone,['Ben Affleck'],,"Oct 19, 2007","$20,300,218",,"['Aaron Stockard', 'Ben Affleck']",806.0,Gone Baby Gone,94%,176.0,2007.0,tt0452623,Gone Baby Gone,2007.0,"Crime,Drama,Mystery",7.7,231558.0,nm0000255,Ben Affleck
514,Ten Canoes,"['Peter Djigirr', 'Rolf de Heer']",,"Jun 1, 2007","

                                92 minutes
                            
",,['Rolf de Heer'],807.0,Ten Canoes,98%,65.0,2007.0,,,,,,,,
515,Enchanted,['Kevin Lima'],,"Mar 18, 2008","

                                108 minutes
                            
",,[],809.0,Enchanted,93%,189.0,2007.0,tt0461770,Enchanted,2007.0,"Animation,Comedy,Family",7.1,163883.0,nm0510674,Kevin Lima
516,Sicko,['Michael Moore'],,"Jun 29, 2007","$24,333,911",,['Michael Moore'],810.0,Sicko,92%,216.0,2007.0,tt0386032,Sicko,2007.0,"Documentary,Drama",8.0,71365.0,nm0601619,Michael Moore
517,For the Bible Tells Me So,['Daniel Karslake'],,"Oct 5, 2007","

                                101 minutes
                            
",,"['Daniel Karslake', 'Helen R. Mendoza']",812.0,For the Bible Tells Me So,98%,49.0,2007.0,tt0912583,For the Bible Tells Me So,2007.0,"Documentary,Romance",7.8,4233.0,nm1081568,Daniel G. Karslake
518,Killer of Sheep,['Charles Burnett'],,"Mar 30, 2007","

                                90 minutes
                            
",,['Charles Burnett'],813.0,Killer of Sheep,97%,76.0,2007.0,,,,,,,,
519,Surfwise,['Doug Pray'],,"Sep 1, 2007","$177,980",,['Doug Pray'],814.0,Surfwise,98%,44.0,2007.0,tt0479547,Surfwise,2007.0,"Documentary,Sport",7.3,1378.0,nm0695629,Doug Pray
520,Grbavica,"['Jasmila Zabnic', 'Jasmilla Zbanic']",,"Feb 16, 2007","

                                94 minutes
                            
",,"['Jasmila Zabnic', 'Jasmilla Zbanic']",815.0,Grbavica,98%,44.0,2007.0,,,,,,,,
521,No End in Sight,['Charles Ferguson (III) '],,"Jul 27, 2007","$1,250,100",,['Charles Ferguson (III) '],817.0,No End in Sight,96%,95.0,2007.0,tt0912593,No End in Sight,2007.0,"Documentary,War",8.3,7855.0,nm2480587,Charles Ferguson
522,There Will Be Blood,['Paul Thomas Anderson'],,"Dec 26, 2007","$40,133,435",,['Paul Thomas Anderson'],818.0,There Will Be Blood,91%,226.0,2007.0,tt0469494,There Will Be Blood,2007.0,Drama,8.2,458135.0,nm0000759,Paul Thomas Anderson
523,Away From Her,['Sarah Polley'],,"Jan 20, 2007","$15,830,046",,['Sarah Polley'],819.0,Away From Her,94%,143.0,2007.0,,,,,,,,
524,Knocked Up,['Judd Apatow'],,"Jun 1, 2007","$148,734,225",,['Judd Apatow'],821.0,Knocked Up,90%,248.0,2007.0,tt0478311,Knocked Up,2007.0,"Comedy,Drama,Romance",7.0,329341.0,nm0031976,Judd Apatow
525,Hairspray,['Adam Shankman'],,"Jul 20, 2007","$118,823,091",,"['Thomas Meehan', ""Mark O'Donnell"", 'Leslie Dixon']",822.0,Hairspray,91%,217.0,2007.0,tt0427327,Hairspray,2007.0,"Comedy,Drama,Musical",6.7,112176.0,nm0788202,Adam Shankman
526,Zodiac,['David Fincher'],,"Mar 2, 2007","$33,000,000",,['James Vanderbilt'],823.0,Zodiac,90%,243.0,2007.0,tt0443706,Zodiac,2007.0,"Crime,Drama,Mystery",7.7,385260.0,nm0000399,David Fincher
527,The Host,['Andrew Niccol'],,"Mar 29, 2013","$26,609,448",,['Andrew Niccol'],825.0,The Host,93%,151.0,2007.0,,,,,,,,
528,Hot Fuzz,['Edgar Wright'],,"Apr 20, 2007","$23,618,786",,"['Edgar Wright', 'Simon Pegg']",826.0,Hot Fuzz,91%,203.0,2007.0,tt0425112,Hot Fuzz,2007.0,"Action,Comedy,Mystery",7.9,420668.0,nm0942367,Edgar Wright
529,Up the Yangtze,['Yung Chang'],,"Sep 30, 2007","$605,037",,"['Yung Chang', 'Yung Chang']",828.0,Up the Yangtze,96%,52.0,2007.0,tt1114277,Up the Yangtze,2007.0,Documentary,7.5,1689.0,nm1374747,Yung Chang
530,Triad Election,['Johnnie To'],,"Apr 25, 2007","

                                95 minutes
                            
",,"['Nai-Hoi Yau', 'Tin-shing Yip', 'Yau Nai-Hoi']",,,,,,,,,,,,,
531,Nanking,"['William Guttentag', 'Dan Sturman', 'Bill Guttentag']",,"Dec 12, 2007","$45,543",,"['Bill Guttentag', 'William Guttentag', 'Dan Sturman', 'Elisabeth Bentley']",831.0,Nanking,96%,46.0,2007.0,tt0893356,Nanking,2007.0,"Biography,History,War",7.7,3221.0,"nm0349702,nm1383547",
532,Michael Clayton,['Tony Gilroy'],,"Oct 12, 2007","$48,976,323",,['Tony Gilroy'],833.0,Michael Clayton,90%,198.0,2007.0,tt0465538,Michael Clayton,2007.0,"Crime,Drama,Mystery",7.3,148017.0,nm0006904,Tony Gilroy
533,My Kid Could Paint That,['Amir Bar-Lev'],,"Oct 5, 2007","

                                83 minutes
                            
",,['Amir Bar-Lev'],834.0,My Kid Could Paint That,94%,83.0,2007.0,tt0912592,My Kid Could Paint That,2007.0,"Documentary,Family,Mystery",7.2,2991.0,nm0052737,Amir Bar-Lev
534,Waitress,['Adrienne Shelly'],,"May 2, 2007","$18,699,775",,['Adrienne Shelly'],836.0,Waitress,90%,172.0,2007.0,tt0473308,Waitress,2007.0,"Comedy,Drama,Romance",7.0,41485.0,nm0791248,Adrienne Shelly
535,Eastern Promises,['David Cronenberg'],,"Sep 21, 2007","$17,114,882",,['Steven Knight'],837.0,Eastern Promises,89%,199.0,2007.0,tt0765443,Eastern Promises,2007.0,"Crime,Drama,Thriller",7.7,212990.0,nm0000343,David Cronenberg
536,This Is England,['Shane Meadows'],,"Jul 27, 2007","$95,849",,['Shane Meadows'],838.0,This Is England,93%,90.0,2007.0,,,,,,,,
537,Rescue Dawn,['Werner Herzog'],,"Jul 27, 2007","$5,300,124",,['Werner Herzog'],840.0,Rescue Dawn,90%,163.0,2007.0,,,,,,,,
538,Lake of Fire,['Tony Kaye'],,"Oct 3, 2007","

                                152 minutes
                            
",,['Tony Kaye'],841.0,Lake of Fire,94%,54.0,2007.0,,,,,,,,
539,U2 3D,"['Catherine Owens', 'Mark Pellington']",,"Jan 1, 2009","

                                85 minutes
                            
",,[],842.0,U2 3D,92%,88.0,2007.0,tt0892375,U2 3D,2007.0,"Documentary,Music",8.4,2751.0,"nm3969724,nm0671210",
540,Superbad,['Greg Mottola'],,"Aug 17, 2007","$121,463,226",,"['Evan Goldberg', 'Seth Rogen']",844.0,Superbad,87%,206.0,2007.0,tt0829482,Superbad,2007.0,Comedy,7.6,478611.0,nm0609549,Greg Mottola
541,The Italian,['Olivier Baroux'],,"Dec 31, 2010","
                        
                            Unknown
                        
                    ",,"['Nicolas Boukhrief', 'Eric Besnard']",845.0,The Italian,91%,93.0,2007.0,,,,,,,,
542,God Grew Tired Of Us,['Christopher Dillon Quinn'],,"Aug 14, 2007","

                                89 minutes
                            
",,[],850.0,God Grew Tired Of Us,91%,69.0,2007.0,,,,,,,,
543,The Orphanage,['J.A. Bayona'],,"Dec 28, 2007","$6,905,218",,"['Sergio G. Sánchez', 'Roger Príncep', 'Montserrat Carulla', 'Fernando Cayo', 'Edgar Vivar', 'Andres Gertrudix', 'Jordi San Augustín']",851.0,The Orphanage,87%,177.0,2007.0,tt0464141,The Orphanage,2007.0,"Drama,Horror,Mystery",7.5,136523.0,nm1291105,J.A. Bayona
544,The Wind That Shakes the Barley,['Ken Loach'],,"Mar 16, 2007","$1,779,320",,['Paul Laverty'],853.0,The Wind That Shakes the Barley,89%,113.0,2007.0,,,,,,,,
547,Must Read After My Death,['Morgan Dews'],,"Nov 1, 2007","
Gigantic Releasing
",,['Morgan Dews'],858.0,Must Read After My Death,90%,49.0,2007.0,tt1249414,Must Read After My Death,2007.0,Documentary,6.6,166.0,nm1840452,Morgan Dews
548,Grindhouse,"['Robert Rodriguez', 'Eli Roth', 'Quentin Tarantino', 'Edgar Wright', 'Rob Zombie']",,"Apr 6, 2007","

                                192 minutes
                            
",,"['Robert Rodriguez', 'Rob Zombie', 'Edgar Wright', 'Quentin Tarantino', 'Jeff Rendell', 'Eli Roth']",862.0,Grindhouse,84%,194.0,2007.0,tt0462322,Grindhouse,2007.0,"Action,Horror,Thriller",7.6,168818.0,"nm0001675,nm0744834,nm0000233,nm0942367,nm0957772",
549,Atonement,['Joe Wright'],,"Sep 7, 2007","$50,830,581",,"['Ian McEwan', 'Christopher Hampton']",864.0,Atonement,83%,213.0,2007.0,tt0783233,Atonement,2007.0,"Drama,Mystery,Romance",7.8,226360.0,nm0942504,Joe Wright
550,Bridge to Terabithia,['Gabor Csupo'],,"Feb 16, 2007","$82,234,139",,"['Jeff Stockwell', 'David Paterson (IV) ', 'Katherine Paterson']",865.0,Bridge to Terabithia,85%,157.0,2007.0,tt0398808,Bridge to Terabithia,2007.0,"Adventure,Drama,Family",7.2,130249.0,nm0190780,Gabor Csupo
551,Shotgun Stories,['Jeff Nichols'],,"Oct 12, 2007","

                                90 minutes
                            
",,['Jeff Nichols'],866.0,Shotgun Stories,89%,47.0,2007.0,tt0952682,Shotgun Stories,2007.0,"Drama,Thriller",7.3,9099.0,nm2158772,Jeff Nichols
552,Roman de gare,['Claude Lelouch'],,"May 24, 2007","$1,735,301",,['Claude Lelouch'],867.0,Roman de gare,88%,73.0,2007.0,tt0889652,Roman de gare,2007.0,Drama,7.2,2293.0,nm0500988,Claude Lelouch
553,Starting Out in the Evening,['Andrew Wagner'],,"Nov 23, 2007","$568,917",,"['Fred Parnes', 'Andrew Wagner']",868.0,Starting Out in the Evening,87%,99.0,2007.0,tt0758784,Starting Out in the Evening,2007.0,"Drama,Romance",7.0,3020.0,nm1253674,Andrew Wagner
554,Breach,['Billy Ray'],,"Feb 16, 2007","$32,958,840",,"['Adam Mazer', 'William Rotko', 'Billy Ray', 'Bill Rotko']",870.0,Breach,84%,177.0,2007.0,tt0401997,Breach,2007.0,"Biography,Crime,Drama",7.0,55459.0,nm0712753,Billy Ray
555,Into Great Silence,['Philip Gröning'],,"Feb 28, 2007","$800,000",,['Philip Gröning'],871.0,Into Great Silence,88%,65.0,2007.0,,,,,,,,
556,2 Days in Paris,['Julie Delpy'],,"Aug 10, 2007","$4,215,065",,['Julie Delpy'],872.0,2 Days in Paris,86%,118.0,2007.0,tt0841044,2 Days in Paris,2007.0,"Comedy,Drama,Romance",6.8,28950.0,nm0000365,Julie Delpy
557,Red Road,['Andrea Arnold'],,"Apr 13, 2007","

                                113 minutes
                            
",,['Andrea Arnold'],873.0,Red Road,87%,87.0,2007.0,,,,,,,,
558,Boy A,['John Crowley'],,"Sep 8, 2007","

                                99 minutes
                            
",,"[""Mark O'Rowe""]",874.0,Boy A,88%,59.0,2007.0,tt1078188,Boy A,2007.0,Drama,7.6,35645.0,nm1259871,John Crowley
559,Live Free or Die Hard,['Len Wiseman'],,"Jun 27, 2007","$134,500,000",,['Mark Bomback'],878.0,Live Free or Die Hard,82%,208.0,2007.0,tt0337978,Live Free or Die Hard,2007.0,"Action,Thriller",7.1,369023.0,nm0936482,Len Wiseman
560,Syndromes and a Century,['Apichatpong Weerasethakul'],,"Apr 18, 2007","

                                105 minutes
                            
",,['Apichatpong Weerasethakul'],879.0,Syndromes and a Century,88%,43.0,2007.0,,,,,,,,
561,Into the Wild,['Sean Penn'],,"Oct 19, 2007","$18,173,360",,['Sean Penn'],884.0,Into the Wild,82%,193.0,2007.0,tt0758758,Into the Wild,2007.0,"Adventure,Biography,Drama",8.1,519432.0,nm0000576,Sean Penn
562,Rocket Science,['Jeffrey Blitz'],,"Aug 10, 2007","$601,787",,['Jeffrey Blitz'],887.0,Rocket Science,84%,111.0,2007.0,tt0477078,Rocket Science,2007.0,"Comedy,Drama",6.7,12508.0,nm0998825,Jeffrey Blitz
563,American Gangster,['Ridley Scott'],,"Nov 2, 2007","$130,127,620",,"['John Hawkes', 'Steven Zaillian']",889.0,American Gangster,80%,211.0,2007.0,tt0765429,American Gangster,2007.0,"Biography,Crime,Drama",7.8,363758.0,nm0000631,Ridley Scott
565,Talk to Me,['Kasi Lemmons'],,"Jul 27, 2007","$4,436,352",,"['Michael Genet', 'Rick Famuyiwa']",891.0,Talk to Me,82%,130.0,2007.0,tt0796368,Talk to Me,2007.0,"Biography,Drama,History",7.4,9017.0,nm0501435,Kasi Lemmons
567,War Dance,"['Andrea Nix Fine', 'Sean Fine']",,"Nov 9, 2007","

                                105 minutes
                            
",,"['Andrea Nix Fine', 'Sean Fine']",893.0,War Dance,85%,47.0,2007.0,tt0912599,War Dance,2007.0,"Documentary,Music,War",7.9,1093.0,"nm0277658,nm2107225",
568,Manufactured Landscapes,['Jennifer Baichwal'],,"Nov 20, 2007","
Zeitgeist Films
",,[],895.0,Manufactured Landscapes,84%,61.0,2007.0,,,,,,,,
569,Harry Potter and the Order of the Phoenix,['David Yates (II)'],,"Jul 11, 2007","$291,980,108",,['Michael Goldenberg'],897.0,Harry Potter and the Order of the Phoenix,77%,247.0,2007.0,tt0373889,Harry Potter and the Order of the Phoenix,2007.0,"Adventure,Family,Fantasy",7.5,447489.0,nm0946734,David Yates
571,XXY,['Lucía Puenzo'],,"Jun 14, 2007","

                                86 minutes
                            
",,['Lucía Puenzo'],900.0,XXY,84%,45.0,2007.0,tt0995829,XXY,2007.0,"Drama,Romance",7.1,12157.0,nm0699932,Lucía Puenzo
572,1408,['Mikael Håfström'],,"Jun 22, 2007","$71,912,310",,"['Stephen King', 'Larry Karaszewski', 'Matt Greenberg', 'Scott Alexander']",901.0,1408,79%,172.0,2007.0,tt0450385,1408,2007.0,"Drama,Horror",6.8,239877.0,nm0405632,Mikael Håfström
573,The Dark Knight,['Christopher Nolan'],,"Jul 18, 2008","$533,316,061",,"['Christopher Nolan', 'Jonathan Nolan']",902.0,The Dark Knight,94%,331.0,2008.0,tt0468569,The Dark Knight,2008.0,"Action,Crime,Drama",9.0,2033112.0,nm0634240,Christopher Nolan
576,The Wrestler,['Darren Aronofsky'],,"Sep 5, 2008","$26,136,413",,"['Robert D. Siegel', 'Darren Aronofsky']",905.0,The Wrestler,98%,225.0,2008.0,tt1125849,The Wrestler,2008.0,"Drama,Sport",7.9,275866.0,nm0004716,Darren Aronofsky
577,Man on Wire,['James Marsh'],,"Dec 9, 2008","

                                94 minutes
                            
",,[],906.0,Man on Wire,100%,157.0,2008.0,tt1155592,Man on Wire,2008.0,"Biography,Documentary",7.8,48937.0,nm1016428,James Marsh
578,Let the Right One In,['Tomas Alfredson'],,"Jan 26, 2008","$2,100,000",,['John Ajvide Lindqvist'],907.0,Let the Right One In,98%,183.0,2008.0,tt1139797,Let the Right One In,2008.0,"Drama,Horror,Romance",7.9,193753.0,nm0019247,Tomas Alfredson
579,WALL-E,['Andrew Stanton'],,"Jun 27, 2008","$223,749,872",,"['Jim Reardon', 'Andrew Stanton']",908.0,WALL-E,95%,253.0,2008.0,,,,,,,,
580,Iron Man,"['Matthew Hollaway', 'Mark Fergus', 'Hawk Ostby', 'Art Marcum', 'Matt Holloway']",,"Sep 30, 2008","

                                126 minutes
                            
",,[],909.0,Iron Man,93%,274.0,2008.0,tt0371746,Iron Man,2008.0,"Action,Adventure,Sci-Fi",7.9,841021.0,nm0269463,Jon Favreau
582,Milk,['Gus Van Sant'],,"Nov 26, 2008","$31,716,847",,['Dustin Lance Black'],912.0,Milk,93%,238.0,2008.0,tt1013753,Milk,2008.0,"Biography,Drama",7.6,154719.0,nm0001814,Gus Van Sant
587,The Class,['Laurent Cantet'],,"May 24, 2008","$3,700,000",,"['Laurent Cantet', 'Robin Campillo', 'François Bégaudeau']",918.0,The Class,96%,157.0,2008.0,tt1068646,The Class,2008.0,Drama,7.5,32163.0,nm0134559,Laurent Cantet
588,Slumdog Millionaire,['Danny Boyle'],,"Aug 30, 2008","$141,243,551",,['Simon Beaufoy'],919.0,Slumdog Millionaire,91%,279.0,2008.0,tt1010048,Slumdog Millionaire,2008.0,"Drama,Romance",8.0,740798.0,"nm0000965,nm0849164",
589,Waltz with Bashir,['Ari Folman'],,"May 15, 2008","$2,300,000",,['Ari Folman'],920.0,Waltz with Bashir,96%,148.0,2008.0,tt1185616,Waltz with Bashir,2008.0,"Animation,Biography,Drama",8.0,51996.0,nm0284369,Ari Folman
590,Trouble the Water,"['Carl Deal', 'Tia Lessin']",,"Aug 25, 2009","

                                94 minutes
                            
",,[],924.0,Trouble the Water,96%,75.0,2008.0,tt1149405,Trouble the Water,2008.0,Documentary,7.4,1834.0,"nm0504357,nm1179906",
591,Happy-Go-Lucky,['Aubrey Scotto'],,"Dec 14, 1936","
                        
                            Republic
                        
                    ",,"['Olive Cooper', 'Raymond L. Schrock']",926.0,Happy-Go-Lucky,92%,158.0,2008.0,tt1045670,Happy-Go-Lucky,2008.0,"Comedy,Drama,Romance",7.0,35755.0,nm0005139,Mike Leigh
592,Gomorrah,['Matteo Garrone'],,"Feb 13, 2008","$1,500,000",,"['Maurizio Braucci', 'Ugo Chiti', 'Gianni Di Gregorio', 'Massimo Gaudioso', 'Roberto Saviano', 'Matteo Garrone']",,,,,,,,,,,,,
593,Chop Shop,['Ramin Bahrani'],,"Feb 27, 2008","

                                85 minutes
                            
",,"['Ramin Bahrani', 'Bahareh Azimi']",928.0,Chop Shop,96%,53.0,2008.0,,,,,,,,
594,The Pool,['Chris Smith'],,"Sep 5, 2008","

                                63 minutes
                            
",,"['Chris Smith', 'Randy Russell']",929.0,The Pool,96%,47.0,2008.0,,,,,,,,
595,Sugar,"['Anna Boden', 'Ryan Fleck']",,"Jan 21, 2008","$1,037,595",,"['Ryan Fleck', 'Anna Boden']",931.0,Sugar,92%,135.0,2008.0,tt0990413,Sugar,2008.0,"Drama,Sport",7.2,4410.0,"nm1349818,nm0281396",
596,Bolt,"['Byron Howard', 'Chris Williams (IX) ']",,"Nov 21, 2008","$114,053,579",,"['Chris Williams (IX) ', 'Dan Fogelman']",932.0,Bolt,89%,182.0,2008.0,tt0397892,Bolt,2008.0,"Adventure,Animation,Comedy",6.9,172417.0,"nm0930261,nm0397174",
597,Transsiberian,['Brad Anderson'],,"Jul 18, 2008","$2,026,565",,"['Brad Anderson', 'Will Conroy']",933.0,Transsiberian,93%,83.0,2008.0,tt0800241,Transsiberian,2008.0,"Crime,Drama,Mystery",6.7,47471.0,nm0026442,Brad Anderson
598,Ballast,['Lance Hammer'],,"Oct 1, 2008","$100,000",,['Lance Hammer'],936.0,Ballast,92%,78.0,2008.0,tt1153690,Ballast,2008.0,Drama,7.0,2112.0,nm0358475,Lance Hammer
599,Caramel,['Nadine Labaki'],,"Feb 1, 2008","$1,000,000",,"['Nadine Labaki', 'Jihad Hojeily', 'Rodney Al Haddad', 'Rodney El Haddad']",937.0,Caramel,92%,77.0,2008.0,,,,,,,,
600,Kung Fu Panda,"['John Stevenson', 'Mark Osborne']",,"Jun 6, 2008","$215,395,021",,"['Jonathan Aibel', 'Glenn Berger']",939.0,Kung Fu Panda,87%,183.0,2008.0,tt0441773,Kung Fu Panda,2008.0,"Action,Adventure,Animation",7.6,375520.0,"nm0651706,nm0828970",
604,Frozen River,['Courtney Hunt'],,"Aug 1, 2008","$2,061,019",,['Courtney Hunt'],944.0,Frozen River,88%,134.0,2008.0,tt0978759,Frozen River,2008.0,"Crime,Drama",7.2,23445.0,nm2581581,Courtney Hunt
605,Wendy and Lucy,['Kelly Reichardt'],,"May 22, 2008","$700,720",,"['Jonathan Raymond', 'Kelly Reichardt']",950.0,Wendy and Lucy,85%,181.0,2008.0,tt1152850,Wendy and Lucy,2008.0,Drama,7.1,14626.0,nm0716980,Kelly Reichardt
606,Rachel Getting Married,['Jonathan Demme'],,"Sep 3, 2008","$12,748,504",,['Jenny Lumet'],951.0,Rachel Getting Married,84%,198.0,2008.0,tt1084950,Rachel Getting Married,2008.0,"Drama,Romance",6.7,44782.0,nm0001129,Jonathan Demme
607,24 City,['Zhangke Jia'],,"May 17, 2008","

                                107 minutes
                            
",,"['Zhangke Jia', 'Signe Baumane', 'Yongming Zhai']",,,,,,,,,,,,,
608,Tropic Thunder,['Ben Stiller'],,"Aug 13, 2008","$110,416,702",,"['Justin Theroux', 'Etan Cohen', 'Ben Stiller']",955.0,Tropic Thunder,81%,242.0,2008.0,tt0942385,Tropic Thunder,2008.0,"Action,Adventure,Comedy",7.0,348634.0,nm0001774,Ben Stiller
610,In Bruges,['Martin McDonagh'],,"Jan 17, 2008","$7,550,836",,['Martin McDonagh'],957.0,In Bruges,83%,193.0,2008.0,tt0780536,In Bruges,2008.0,"Comedy,Crime,Drama",7.9,358349.0,nm1732981,Martin McDonagh
611,Forgetting Sarah Marshall,['Nicholas Stoller'],,"Mar 10, 2008","$62,900,000",,"['Jason Segel', 'Judd Apatow']",959.0,Forgetting Sarah Marshall,83%,183.0,2008.0,tt0800039,Forgetting Sarah Marshall,2008.0,"Comedy,Drama,Romance",7.2,245822.0,nm0831557,Nicholas Stoller
612,Mongol,['Sergey Bodrov'],,"Jun 6, 2008","$5,600,000",,"['Arif Aliyev', 'Sergey Bodrov']",960.0,Mongol,86%,100.0,2008.0,,,,,,,,
613,Shine a Light,['Martin Scorsese'],,"Jul 29, 2008","

                                121 minutes
                            
",,[],961.0,Shine a Light,85%,124.0,2008.0,tt0893382,Shine a Light,2008.0,"Biography,Documentary,Music",7.2,10458.0,nm0000217,Martin Scorsese
614,Meduzot,"['Etgar Keret', 'Shira Geffen']",,"Apr 4, 2008","

                                78 minutes
                            
",,['Shira Geffen'],,,,,,,,,,,,,
615,Vicky Cristina Barcelona,['Woody Allen'],,"May 17, 2008","$23,164,041",,['Woody Allen'],964.0,Vicky Cristina Barcelona,81%,207.0,2008.0,tt0497465,Vicky Cristina Barcelona,2008.0,"Comedy,Drama,Romance",7.1,226122.0,nm0000095,Woody Allen
616,Indiana Jones and the Kingdom of the Crystal Skull,['Steven Spielberg'],,"May 22, 2008","$316,957,122",,['David Koepp'],966.0,Indiana Jones and the Kingdom of the Crystal Skull,78%,269.0,2008.0,tt0367882,Indiana Jones and the Kingdom of the Crystal Skull,2008.0,"Action,Adventure",6.2,388734.0,nm0000229,Steven Spielberg
618,Doubt,['John Patrick Shanley'],,"Dec 12, 2008","$33,422,556",,['John Patrick Shanley'],970.0,Doubt,80%,212.0,2008.0,tt0918927,Doubt,2008.0,"Drama,Mystery",7.5,112733.0,nm0788234,John Patrick Shanley
620,Two Lovers,['James Gray'],,"May 19, 2008","$2,997,417",,"['Richard Menello', 'James Gray', 'Ric Menello']",972.0,Two Lovers,82%,161.0,2008.0,tt1103275,Two Lovers,2008.0,"Drama,Romance",7.0,33650.0,nm0336695,James Gray
621,JCVD,['Mabrouk El Mechri'],,"Jun 4, 2008","$382,923",,"['Sidonie Dumas', 'Frédéric Bénudis', 'Christophe Turpin', 'Mabrouk El Mechri']",,,,,,,,,,,,,
622,Burn After Reading,"['Joel Coen', 'Ethan Coen']",,"Aug 27, 2008","$60,338,891",,"['Joel Coen', 'Ethan Coen']",974.0,Burn After Reading,78%,238.0,2008.0,tt0887883,Burn After Reading,2008.0,"Comedy,Crime,Drama",7.0,285173.0,"nm0001053,nm0001054",
625,Beaufort,['Joseph Cedar'],,"Jan 18, 2008","

                                131 minutes
                            
",,"['Joseph Cedar', 'Ron Leshem']",977.0,Beaufort,85%,52.0,2008.0,,,,,,,,
626,In Search of a Midnight Kiss,['Alex Holdridge'],,"Aug 1, 2008","

                                90 minutes
                            
",,"['Alex Holdridge', 'Alex Holdridge']",979.0,In Search of a Midnight Kiss,84%,64.0,2008.0,,,,,,,,
627,Cloverfield,['Matt Reeves'],,"Jan 16, 2008","$79,952,254",,"['Drew Goddard', 'Crew Goodard']",982.0,Cloverfield,77%,206.0,2008.0,tt1060277,Cloverfield,2008.0,"Action,Horror,Sci-Fi",7.0,348280.0,nm0716257,Matt Reeves
630,Disgrace,['Steve Jacobs'],,"Sep 6, 2008","

                                118 minutes
                            
",,['Anna Maria Monticelli'],985.0,Disgrace,83%,59.0,2008.0,tt0445953,Disgrace,2008.0,Drama,6.6,4985.0,nm0414646,Steve Jacobs
631,Fifty Dead Men Walking,['Kari Skogland'],,"Sep 10, 2008","$1,748,442",,"['Kari Skogland', 'Nicholas Davies']",986.0,Fifty Dead Men Walking,83%,52.0,2008.0,tt1097643,Fifty Dead Men Walking,2008.0,"Crime,Drama,Thriller",6.9,10321.0,nm0804556,Kari Skogland
632,The Bank Job,['Brad Jurjens'],,"Apr 1, 2007","

                                78 minutes
                            
",,['Brad Jurjens'],987.0,The Bank Job,79%,144.0,2008.0,tt0200465,The Bank Job,2008.0,"Crime,Thriller",7.2,165152.0,nm0002044,Roger Donaldson
633,Role Models,['David Wain'],,"Nov 7, 2008","$67,300,000",,"['David Wain', 'Ken Marino', 'Paul Rudd', 'Tim Dowling']",990.0,Role Models,77%,161.0,2008.0,tt0430922,Role Models,2008.0,Comedy,6.8,210669.0,nm0906476,David Wain
635,Standard Operating Procedure,['Errol Morris'],,"Apr 25, 2008","

                                118 minutes
                            
",,['Errol Morris'],992.0,Standard Operating Procedure,79%,107.0,2008.0,tt0896866,Standard Operating Procedure,2008.0,"Crime,Documentary,War",7.5,3665.0,nm0001554,Errol Morris
636,Nothing But the Truth,['Elliott Nugent'],,"Oct 10, 1941","
                        
                            Paramount Pictures
                        
                    ",,"['Don Hartman', 'Ken Englund']",993.0,Nothing But the Truth,81%,58.0,2008.0,tt1073241,Nothing But the Truth,2008.0,"Crime,Drama,Mystery",7.2,33980.0,nm0527109,Rod Lurie
639,Chicago 10,['Brett Morgen'],,"Feb 27, 2008","

                                100 minutes
                            
",,['Brett Morgen'],996.0,Chicago 10,80%,82.0,2008.0,tt1309975,Chicago 10,2008.0,Documentary,8.0,16.0,nm0605137,Brett Morgen
640,Yella,['Christian Petzold'],,"May 16, 2008","

                                89 minutes
                            
",,['Christian Petzold'],997.0,Yella,81%,53.0,2008.0,,,,,,,,
641,Miss Pettigrew Lives for a Day,['Bharat Nalluri'],,"Mar 7, 2008","$12,294,036",,"['David Magee', 'Simon Beaufoy']",998.0,Miss Pettigrew Lives for a Day,77%,146.0,2008.0,tt0970468,Miss Pettigrew Lives for a Day,2008.0,"Comedy,Romance",7.1,24865.0,nm0620576,Bharat Nalluri
642,Baghead,"['Jay Duplass', 'Mark Duplass']",,"Jun 13, 2008","

                                88 minutes
                            
",,"['Jay Duplass', 'Mark Duplass']",1000.0,Baghead,79%,95.0,2008.0,tt0923600,Baghead,2008.0,"Comedy,Drama,Horror",6.0,4014.0,"nm0243231,nm0243233",
643,Appaloosa,['Sidney J. Furie'],,"Jan 1, 1966","

                                99 minutes
                            
",,"['James Bridges', 'Roland Kibbee']",1001.0,Appaloosa,76%,161.0,2008.0,tt0800308,Appaloosa,2008.0,"Crime,Drama,Romance",6.8,55388.0,nm0000438,Ed Harris
644,Ashes of Time Redux,['Kar-Wai Wong'],,"Oct 10, 2008","

                                94 minutes
                            
",,['Kar-Wai Wong'],1002.0,Ashes of Time Redux,79%,86.0,2008.0,,,,,,,,
645,I Served the King of England,['Jirí Menzel'],,"Aug 29, 2008","$600,000",,['Jirí Menzel'],1003.0,I Served the King of England,79%,86.0,2008.0,,,,,,,,
646,Un Secret,['Claude Miller'],,"Jun 5, 2008","$451,586",,"['Claude Miller', 'Natalie Carter']",,,,,,,,,,,,,
647,Afterschool,['Antonio Campos'],,"May 18, 2008","

                                106 minutes
                            
",,['Antonio Campos'],1006.0,Afterschool,80%,44.0,2008.0,tt1224366,Afterschool,2008.0,"Drama,Mystery",6.1,3917.0,nm1290515,Antonio Campos
648,Body of War,"['Phil Donahue', 'Ellen Spiro']",,"Mar 19, 2008","
Phil Donahue Enterprises
",,[],1007.0,Body of War,80%,41.0,2008.0,,,,,,,,
649,Water Lilies,['Céline Sciamma'],,"Apr 4, 2008","

                                85 minutes
                            
",,['Céline Sciamma'],1012.0,Water Lilies,78%,45.0,2008.0,,,,,,,,
650,Quantum of Solace,['Marc Forster'],,"Nov 14, 2008","$168,400,000",,"['Neal Purvis', 'Robert Wade', 'Paul Haggis']",1022.0,Quantum of Solace,65%,287.0,2008.0,tt0830515,Quantum of Solace,2008.0,"Action,Adventure,Thriller",6.6,374737.0,nm0286975,Marc Forster
652,The Incredible Hulk,['Louis Leterrier'],,"Jun 12, 2008","$134,518,390",,['Zak Penn'],1024.0,The Incredible Hulk,67%,227.0,2008.0,tt0800080,The Incredible Hulk,2008.0,"Action,Adventure,Sci-Fi",6.8,390812.0,nm0504642,Louis Leterrier
655,American Teen,['Nanette Burstein'],,"Jan 19, 2008","$785,817",,['Nanette Burstein'],1027.0,American Teen,70%,151.0,2008.0,tt0486259,American Teen,2008.0,Documentary,6.5,3975.0,nm0123379,Nanette Burstein
656,Up,"['Pete Docter', 'Bob Peterson']",,"May 29, 2009","$292,979,556",,"['Bob Peterson', 'Pete Docter', 'Tom McCarthy', 'Ronnie del Carmen']",1028.0,Up,98%,290.0,2009.0,tt1049413,Up,2009.0,"Adventure,Animation,Comedy",8.3,832604.0,"nm0677037,nm0230032",
659,Star Trek,['J.J. Abrams'],,"May 7, 2009","$257,704,099",,"['Gene Roddenberry', 'Alex Kurtzman', 'Roberto Orci']",1032.0,Star Trek,94%,342.0,2009.0,tt0796366,Star Trek,2009.0,"Action,Adventure,Sci-Fi",8.0,553847.0,nm0009190,J.J. Abrams
661,Afghan Star,['Havana Marking'],,"Mar 30, 2010","
Zeitgeist Films
",,[],1035.0,Afghan Star,100%,60.0,2009.0,tt1334510,Afghan Star,2009.0,"Documentary,Music",7.3,908.0,nm2035483,Havana Marking
662,An Education,['Lone Scherfig'],,"Oct 9, 2009","$12,512,069",,['Nick Hornby'],1036.0,An Education,95%,189.0,2009.0,tt1174732,An Education,2009.0,Drama,7.3,122568.0,nm0771054,Lone Scherfig
663,Drag Me to Hell,['Sam Raimi'],,"May 29, 2009","$42,100,000",,"['Sam Raimi', 'Ivan Raimi']",1037.0,Drag Me to Hell,92%,262.0,2009.0,tt1127180,Drag Me to Hell,2009.0,"Horror,Thriller",6.6,175928.0,nm0000600,Sam Raimi
664,District 9,['Neill Blomkamp'],,"Aug 14, 2009","$115,646,235",,"['Neill Blomkamp', 'Terri Tatchell']",1038.0,District 9,90%,308.0,2009.0,tt1136608,District 9,2009.0,"Action,Sci-Fi,Thriller",7.9,599668.0,nm0088955,Neill Blomkamp
666,Up in the Air,"['Howard Bretherton', 'Howard P. Bretherton']",,"Mar 18, 2003","
                        
                            Monogram
                        
                    ",,"['Jason Reitman', 'Sheldon Turner', 'Ed Kelso']",1040.0,Up in the Air,91%,278.0,2009.0,tt1193138,Up in the Air,2009.0,"Comedy,Drama,Romance",7.4,299028.0,nm0718646,Jason Reitman
668,In the Loop,['Armando Iannucci'],,"Jul 24, 2009","$2,251,324",,"['Simon Blackwell', 'Jesse Armstrong', 'Tony Roche', 'Armando Iannucci']",1043.0,In the Loop,94%,172.0,2009.0,tt1226774,In the Loop,2009.0,Comedy,7.5,50664.0,nm0406334,Armando Iannucci
669,Coraline,['Henry Selick'],,"Feb 6, 2009","$75,169,351",,['Henry Selick'],1046.0,Coraline,90%,261.0,2009.0,tt0327597,Coraline,2009.0,"Animation,Drama,Fantasy",7.7,176895.0,nm0783139,Henry Selick
672,Sweetgrass,"['Lucien Castaing-Taylor', 'Ilisa Barbash']",,"Aug 3, 2010","

                                105 minutes
                            
",,[],1049.0,Sweetgrass,97%,60.0,2009.0,tt1517252,Sweetgrass,2009.0,"Adventure,Documentary,Western",6.9,807.0,"nm3625974,nm3626583",
673,Inglourious Basterds,['Quentin Tarantino'],,"Aug 21, 2009","$120,523,073",,['Quentin Tarantino'],1050.0,Inglourious Basterds,88%,317.0,2009.0,tt0361748,Inglourious Basterds,2009.0,"Adventure,Drama,War",8.3,1102858.0,"nm0000233,nm0744834",
674,Revanche,['Götz Spielmann'],,"May 1, 2009","

                                121 minutes
                            
",,['Götz Spielmann'],1053.0,Revanche,96%,81.0,2009.0,,,,,,,,
675,Zombieland,['Ruben Fleischer'],,"Oct 2, 2009","$75,590,286",,"['Rhett Reese', 'Paul Wernick']",1054.0,Zombieland,90%,244.0,2009.0,tt1156398,Zombieland,2009.0,"Adventure,Comedy,Horror",7.6,452777.0,nm0281508,Ruben Fleischer
677,Tulpan,"['Sergei Dvortsevoy', 'Sergey Dvortsevoy', 'Sergay Dvortsevoy']",,"Apr 1, 2009","

                                100 minutes
                            
",,"['Sergei Dvortsevoy', 'Gennadiy Ostrovskiy', 'Sergey Dvortsevoy']",1056.0,Tulpan,96%,69.0,2009.0,,,,,,,,
678,Somers Town,['Shane Meadows'],,"Jul 15, 2009","

                                75 minutes
                            
",,['Paul Fraser'],1058.0,Somers Town,96%,55.0,2009.0,,,,,,,,
679,Good Hair,['Jeff Stilson'],,"Oct 9, 2009","$4,061,847",,"['Chris Rock', 'Jeff Stilson', 'Lance Crouther', 'Chuck Sklar']",1059.0,Good Hair,95%,83.0,2009.0,tt1213585,Good Hair,2009.0,"Comedy,Documentary",6.9,5213.0,nm0830352,Jeff Stilson
680,Ponyo,['Hayao Miyazaki'],,"Aug 14, 2009","$15,100,000",,"['Hayao Miyazaki', 'Melissa Mathison']",1060.0,Ponyo,92%,165.0,2009.0,,,,,,,,
681,Crazy Heart,['Scott Cooper'],,"Dec 16, 2009","$38,349,555",,['Scott Cooper'],1064.0,Crazy Heart,90%,205.0,2009.0,tt1263670,Crazy Heart,2009.0,"Drama,Music,Romance",7.3,78903.0,nm0178376,Scott Cooper
682,Tokyo Sonata,['Kiyoshi Kurosawa'],,"Mar 13, 2009","$103,045",,"['Kiyoshi Kurosawa', 'Sachiko Tanaka', 'Max Mannix']",,,,,,,,,,,,,
683,Of Time and the City,['Terence Davies'],,"Jan 23, 2009","

                                77 minutes
                            
",,['Terence Davies'],1066.0,Of Time and the City,95%,56.0,2009.0,,,,,,,,
684,Goodbye Solo,['Ramin Bahrani'],,"Mar 27, 2009","$809,220",,"['Ramin Bahrani', 'Bahareh Azimi']",1068.0,Goodbye Solo,93%,107.0,2009.0,,,,,,,,
685,Moon,['Duncan Jones'],,"Jun 12, 2009","$4,785,434",,"['Nathan Parker', 'Duncan Jones']",1069.0,Moon,90%,191.0,2009.0,tt1182345,Moon,2009.0,"Drama,Mystery,Sci-Fi",7.9,309381.0,nm1512910,Duncan Jones
686,A Serious Man,"['Roger Deakins', 'Joel Coen', 'Ethan Coen']",,"Oct 2, 2009","$9,190,525",,"['Joel Coen', 'Ethan Coen']",1070.0,A Serious Man,89%,215.0,2009.0,tt1019452,A Serious Man,2009.0,"Comedy,Drama",7.1,120530.0,"nm0001053,nm0001054",
687,La Nana,['Sebastián Silva'],,"Oct 16, 2009","$500,000",,"['Sebastián Silva', 'Pedro Peirano']",,,,,,,,,,,,,
688,Adventureland,['Greg Mottola'],,"Apr 3, 2009","$15,900,000",,['Greg Mottola'],1074.0,Adventureland,88%,213.0,2009.0,tt1091722,Adventureland,2009.0,"Comedy,Drama,Romance",6.8,145870.0,nm0609549,Greg Mottola
689,Every Little Step,"['Adam Del Deo', 'James D. Stern']",,"Oct 13, 2009","

                                93 minutes
                            
",,[],1076.0,Every Little Step,92%,96.0,2009.0,,,,,,,,
690,Red Cliff,['John Woo'],,"Nov 20, 2009","$526,841",,"['Kuo Zheng', 'John Woo', 'Khan Chan', 'Kuo Cheng', 'Sheng Heyu', 'Guo Zheng', 'Chan Khan']",,,,,,,,,,,,,
691,The Messenger,['Oren Moverman'],,"Nov 13, 2009","$1,006,655",,"['Oren Moverman', 'Alessandro Camon']",1078.0,The Messenger,89%,157.0,2009.0,tt0790712,The Messenger,2009.0,"Drama,Romance,War",7.1,32308.0,nm0610219,Oren Moverman
692,Il Divo,['Paolo Sorrentino'],,"Apr 23, 2009","$200,000",,['Paolo Sorrentino'],1079.0,Il Divo,92%,49.0,2009.0,,,,,,,,
693,Etz Limon,['Eran Riklis'],,"Apr 17, 2009","$467,072",,"['Eran Riklis', 'Suha Arraf']",,,,,,,,,,,,,
694,500 Days of Summer,['Marc Webb'],,"Jul 17, 2009","$32,118,648",,"['Scott Neustadter', 'Michael H. Weber']",1083.0,500 Days of Summer,85%,225.0,2009.0,tt1022603,500 Days of Summer,2009.0,"Comedy,Drama,Romance",7.7,437094.0,nm1989536,Marc Webb
695,Avatar,['James Cameron'],,"Dec 18, 2009","$749,700,000",,['James Cameron'],1084.0,Avatar,82%,304.0,2009.0,tt0499549,Avatar,2009.0,"Action,Adventure,Fantasy",7.8,1032172.0,nm0000116,James Cameron
697,Harry Potter and the Half-Blood Prince,['David Yates (II)'],,"Jul 15, 2009","$301,920,409",,['Steve Kloves'],1086.0,Harry Potter and the Half-Blood Prince,83%,272.0,2009.0,tt0417741,Harry Potter and the Half-Blood Prince,2009.0,"Adventure,Family,Fantasy",7.6,412327.0,nm0946734,David Yates
699,The Girl with the Dragon Tattoo,['David Fincher'],,"Dec 20, 2011","$102,515,793",,['Steven Zaillian'],1088.0,The Girl with the Dragon Tattoo,86%,184.0,2009.0,tt1132620,The Girl with the Dragon Tattoo,2009.0,"Crime,Drama,Mystery",7.8,196557.0,nm0649117,Niels Arden Oplev
701,Sin Nombre,['Jaume Balagueró'],,"Sep 9, 2005","

                                102 minutes
                            
",,['Jaume Balagueró'],1089.0,Sin Nombre,88%,118.0,2009.0,tt1127715,Sin Nombre,2009.0,"Adventure,Crime,Drama",7.6,29367.0,nm1560977,Cary Joji Fukunaga
702,Whip It,['Drew Barrymore'],,"Oct 2, 2009","$13,000,000",,['Shauna Cross'],1098.0,Whip It,84%,185.0,2009.0,tt1172233,Whip It,2009.0,"Drama,Sport",6.9,60944.0,nm0000106,Drew Barrymore
703,Me and Orson Welles,['Richard Linklater'],,"Nov 25, 2009","$1,070,524",,"['Vince Palmo Jr.', 'Holly Gent Palmo']",1099.0,Me and Orson Welles,85%,155.0,2009.0,,,,,,,,
704,The White Ribbon,['Michael Haneke'],,"Dec 30, 2009","$2,077,054",,['Michael Haneke'],,,,,,,,,,,,,
705,Paranormal Activity,['Oren Peli'],,"Sep 25, 2009","$107,901,736",,['Oren Peli'],1106.0,Paranormal Activity,83%,199.0,2009.0,,,,,,,,
706,Disneynature Earth,"['Mark Linfield', 'Alastair Fothergill']",,"Apr 22, 2009","$31,959,266",,"['Alastair Fothergill', 'Mark Linfield', 'Leslie Megahey']",1108.0,Disneynature Earth,86%,92.0,2009.0,,,,,,,,
707,Treeless Mountain,['So Yong Kim'],,"Apr 22, 2009","

                                89 minutes
                            
",,['So Yong Kim'],1109.0,Treeless Mountain,87%,61.0,2009.0,,,,,,,,
708,Skin,['Guy Nattiv'],,"Jul 26, 2019","
                        
                            A24
                        
                    ",,['Guy Nattiv'],1112.0,Skin,86%,63.0,2009.0,,,,,,,,
709,Gran Torino,['Clint Eastwood'],,"Jan 9, 2009","$148,055,047",,['Nick Schenk'],1113.0,Gran Torino,80%,230.0,2009.0,,,,,,,,
710,Bright Star,['Jane Campion'],,"May 15, 2009","$4,341,275",,['Jane Campion'],1114.0,Bright Star,82%,171.0,2009.0,tt0810784,Bright Star,2009.0,"Biography,Drama,Romance",7.0,23836.0,nm0001005,Jane Campion
711,Pontypool,['Bruce McDonald'],,"May 29, 2009","

                                95 minutes
                            
",,['Tony Burgess'],1117.0,Pontypool,84%,86.0,2009.0,,,,,,,,
712,Soul Power,['Jeffrey Levy-Hinte'],,"Jan 26, 2010","

                                93 minutes
                            
",,[],1119.0,Soul Power,84%,74.0,2009.0,,,,,,,,
713,Broken Embraces,['Pedro Almodóvar'],,"Nov 20, 2009","$4,900,000",,['Pedro Almodóvar'],1120.0,Broken Embraces,81%,153.0,2009.0,tt0913425,Broken Embraces,2009.0,"Drama,Romance,Thriller",7.2,35440.0,nm0000264,Pedro Almodóvar
714,The Hangover,['Todd Phillips'],,"Jun 5, 2009","$277,313,371",,"['Jon Lucas', 'Todd Phillips']",1121.0,The Hangover,78%,236.0,2009.0,tt1119646,The Hangover,2009.0,Comedy,7.7,663788.0,nm0680846,Todd Phillips
715,Black Dynamite,"['Shawn Maurer', 'Scott Sanders']",,"Oct 16, 2009","$131,862",,"['Byron Keith Minns', 'Scott Sanders', 'Byron Minns', 'Michael Jai White']",1122.0,Black Dynamite,83%,63.0,2009.0,tt1190536,Black Dynamite,2009.0,"Action,Comedy",7.4,42523.0,nm0761715,Scott Sanders
716,Bakjwi,['Chan-wook Park'],,"Apr 30, 2009","$296,441",,"['Chan-wook Park', 'Chung Seo-Kyung', 'Chung Chung-Hoon']",,,,,,,,,,,,,
717,Bandslam,['Todd Graff'],,"Aug 14, 2009","$5,205,343",,"['Josh A. Cagan', 'Todd Graff']",1125.0,Bandslam,81%,100.0,2009.0,tt0976222,Bandslam,2009.0,"Comedy,Drama,Family",6.3,13108.0,nm0333804,Todd Graff
718,Collapse,['Javier Barbera'],,"Aug 21, 2007","
                        
                            Laguna Productions, Inc.
                        
                    ",,['Javier Barbera'],1126.0,Collapse,83%,41.0,2009.0,tt1494667,Collapse,2009.0,"Drama,Family,Short",8.0,17.0,nm3576334,Mj Gardner
720,Invictus,['Clint Eastwood'],,"Dec 11, 2009","$37,431,431",,['Anthony Peckham'],1128.0,Invictus,76%,240.0,2009.0,tt1057500,Invictus,2009.0,"Biography,Drama,History",7.3,139922.0,nm0000142,Clint Eastwood
721,It Might Get Loud,['Davis Guggenheim'],,"Dec 22, 2009","

                                98 minutes
                            
",,[],1129.0,It Might Get Loud,80%,113.0,2009.0,,,,,,,,
722,Humpday,['Lynn Shelton'],,"Jul 10, 2009","$254,272",,['Lynn Shelton'],1130.0,Humpday,79%,136.0,2009.0,tt1334537,Humpday,2009.0,"Comedy,Drama,Romance",6.0,5147.0,nm1119645,Lynn Shelton
723,We Live in Public,['Ondi Timoner'],,"Aug 28, 2009","

                                89 minutes
                            
",,['Ondi Timoner'],1131.0,We Live in Public,82%,49.0,2009.0,tt0498329,We Live in Public,2009.0,Documentary,7.2,1720.0,nm0863756,Ondi Timoner
724,A Town Called Panic,"['Stéphane Aubier', 'Vincent Patar']",,"Dec 16, 2009","$165,349",,"['Stéphane Aubier', 'Vincent Patar', 'Guillaume Malandrin', 'Vincent Tavier']",,,,,,,,,,,,,
725,Where the Wild Things Are,['Spike Jonze'],,"Oct 16, 2009","$77,222,184",,"['Dave Eggers', 'Spike Jonze']",1140.0,Where the Wild Things Are,72%,264.0,2009.0,tt0386117,Where the Wild Things Are,2009.0,"Adventure,Drama,Family",6.8,96003.0,nm0005069,Spike Jonze
731,A Summer In Genoa,['Michael Winterbottom'],,"Mar 27, 2009","

                                93 minutes
                            
",,"['Michael Winterbottom', 'Laurence Coriat']",1147.0,A Summer In Genoa,79%,43.0,2009.0,,,,,,,,
732,Toy Story 3,['Lee Unkrich'],,"Jun 18, 2010","$414,984,497",,"['Lee Unkrich', 'Andrew Stanton', 'John Lasseter', 'Michael Arndt']",1148.0,Toy Story 3,98%,300.0,2010.0,tt0435761,Toy Story 3,2010.0,"Adventure,Animation,Comedy",8.3,671393.0,nm0881279,Lee Unkrich
735,How to Train Your Dragon,"['Dean DeBlois', 'Chris Sanders']",,"Mar 26, 2010","$216,900,000",,"['Chris Sanders', 'Dean DeBlois', 'William Davies']",1151.0,How to Train Your Dragon,99%,206.0,2010.0,tt0892769,How to Train Your Dragon,2010.0,"Action,Adventure,Animation",8.1,601606.0,"nm0761498,nm0213450",
740,The Social Network,['David Fincher'],,"Oct 1, 2010","$96,400,000",,['Aaron Sorkin'],1156.0,The Social Network,95%,309.0,2010.0,tt1285016,The Social Network,2010.0,"Biography,Drama",7.7,563663.0,nm0000399,David Fincher
742,True Grit,['Henry Hathaway'],,"Jun 11, 1969","

                                128 minutes
                            
",,['Marguerite Roberts'],1158.0,True Grit,96%,270.0,2010.0,tt1403865,True Grit,2010.0,"Adventure,Drama,Western",7.6,281242.0,"nm0001053,nm0001054",
743,Inside Job,['Charles Ferguson (III) '],,"Oct 8, 2010","$4,311,834",,"['Charles Ferguson (III) ', 'Chad Beck', 'Adam Bolt']",1161.0,Inside Job,98%,146.0,2010.0,tt1645089,Inside Job,2010.0,"Crime,Documentary",8.3,64893.0,nm2480587,Charles Ferguson
744,Waste Land,"['Lucy Walker', 'João Jardim', 'Karen Harley']",,"Mar 15, 2011","

                                95 minutes
                            
",,[],1162.0,Waste Land,100%,71.0,2010.0,tt1268204,Waste Land,2010.0,Documentary,7.9,7977.0,"nm1065588,nm1013671,nm0356502",
745,A Prophet,['Jacques Audiard'],,"Feb 26, 2010","$1,515,303",,"['Jacques Audiard', 'Thomas Bidegain', 'Nicolas Peufaillit', 'Abdel Raouf Dafri']",,,,,,,,,,,,,
746,127 Hours,['Danny Boyle'],,"Nov 5, 2010","$18,329,466",,"['Danny Boyle', 'Simon Beaufoy']",1165.0,127 Hours,93%,229.0,2010.0,tt1542344,127 Hours,2010.0,"Adventure,Biography,Drama",7.6,320575.0,nm0000965,Danny Boyle
747,The Town,['Ben Affleck'],,"Sep 17, 2010","$92,173,235",,"['Peter Craig', 'Ben Affleck', 'Aaron Stockard']",1166.0,The Town,93%,224.0,2010.0,tt0840361,The Town,2010.0,"Crime,Drama,Thriller",7.6,319767.0,nm0000255,Ben Affleck
748,Animal Kingdom,['David Michôd'],,"Aug 13, 2010","$1,000,000",,['David Michôd'],1167.0,Animal Kingdom,95%,160.0,2010.0,tt1313092,Animal Kingdom,2010.0,"Crime,Drama",7.3,51242.0,nm2391575,David Michôd
749,The Kids Are All Right,['Lisa Cholodenko'],,"Jul 9, 2010","$20,803,237",,"['Lisa Cholodenko', 'Stuart Blumberg']",1168.0,The Kids Are All Right,93%,220.0,2010.0,tt0842926,The Kids Are All Right,2010.0,"Comedy,Drama,Romance",7.0,120135.0,nm0158966,Lisa Cholodenko
750,Marwencol,['Jeff Malmberg'],,"Apr 12, 2011","

                                83 minutes
                            
",,[],1169.0,Marwencol,98%,60.0,2010.0,tt1391092,Marwencol,2010.0,"Biography,Documentary,Fantasy",7.6,3018.0,nm0540220,Jeff Malmberg
751,Restrepo,"['Sebastian Junger', 'Tim Hetherington']",,"Dec 7, 2010","

                                93 minutes
                            
",,[],1170.0,Restrepo,96%,114.0,2010.0,tt1559549,Restrepo,2010.0,"Documentary,War",7.5,20436.0,"nm1770672,nm0432631",
752,Mother,['Mikio Naruse'],,"Jun 12, 1952","
                        
                            Concordia Pictures
                        
                    ",,['Yoko Mizuki'],,,,,,,,,,,,,
753,Ajami,"['Scandar Copti', 'Yaron Shani']",,"Feb 3, 2010","$500,000",,"['Scandar Copti', 'Yaron Shani']",1173.0,Ajami,97%,68.0,2010.0,,,,,,,,
754,A Film Unfinished,['Yael Hersonski'],,"Jan 1, 2011","

                                89 minutes
                            
",,[],1174.0,A Film Unfinished,97%,64.0,2010.0,tt1568923,A Film Unfinished,2010.0,"Documentary,Drama,History",7.3,1618.0,nm2478131,Yael Hersonski
755,Exit Through The Gift Shop,['Banksy'],,"Dec 14, 2010","

                                86 minutes
                            
",,[],1175.0,Exit Through The Gift Shop,95%,110.0,2010.0,,,,,,,,
756,The Fighter,['David O. Russell'],,"Dec 10, 2010","$93,571,803",,"['Eric Johnson', 'Scott Silver', 'Paul Tamasy', 'Paul Attanasio']",1176.0,The Fighter,90%,241.0,2010.0,tt0964517,The Fighter,2010.0,"Biography,Drama,Sport",7.8,314088.0,nm0751102,David O. Russell
757,Another Year,['Mike Leigh'],,"Dec 29, 2010","$3,200,000",,['Mike Leigh'],1177.0,Another Year,92%,171.0,2010.0,tt1431181,Another Year,2010.0,"Comedy,Drama",7.3,26120.0,nm0005139,Mike Leigh
758,Inception,['Christopher Nolan'],,"Jul 16, 2010","$292,568,851",,['Christopher Nolan'],1178.0,Inception,86%,347.0,2010.0,tt1375666,Inception,2010.0,"Action,Adventure,Sci-Fi",8.8,1812000.0,nm0634240,Christopher Nolan
761,Best Worst Movie,['Michael Stephenson'],,"Apr 23, 2010","$103,194",,['Michael Stephenson'],1181.0,Best Worst Movie,95%,64.0,2010.0,,,,,,,,
762,No One Knows About Persian Cats,['Bahman Ghobadi'],,"Apr 16, 2010","

                                106 minutes
                            
",,"['Bahman Ghobadi', 'Roxana Saberi', 'Hossein M. Abkenar']",,,,,,,,,,,,,
763,Boxing Gym,['Frederick Wiseman'],,"Jul 28, 2014","

                                91 minutes
                            
",,[],1183.0,Boxing Gym,95%,42.0,2010.0,tt1653827,Boxing Gym,2010.0,Documentary,7.1,387.0,nm0936464,Frederick Wiseman
764,Tangled,"['Nathan Greno', 'Byron Howard']",,"Nov 24, 2010","$200,803,309",,"['Jacob Grimm', 'Dan Fogelman']",1184.0,Tangled,89%,221.0,2010.0,tt0398286,Tangled,2010.0,"Adventure,Animation,Comedy",7.8,361369.0,"nm1977355,nm0397174",
767,The Tillman Story,['Amir Bar-Lev'],,"Aug 20, 2010","$798,940",,"['Mark Monroe', 'Joe Bini', 'Amir Bar-Lev']",1187.0,The Tillman Story,93%,86.0,2010.0,tt1568334,The Tillman Story,2010.0,"Biography,Documentary,Mystery",7.8,4271.0,nm0052737,Amir Bar-Lev
768,Fish Tank,['Andrea Arnold'],,"Jan 15, 2010","$187,074",,['Andrea Arnold'],1188.0,Fish Tank,91%,145.0,2010.0,,,,,,,,
769,Samson and Delilah,['Warwick Thornton'],,"Oct 15, 2010","

                                101 minutes
                            
",,['Warwick Thornton'],1189.0,Samson and Delilah,94%,50.0,2010.0,,,,,,,,
770,Let Me In,['Matt Reeves'],,"Oct 1, 2010","$12,134,420",,['Matt Reeves'],1190.0,Let Me In,88%,229.0,2010.0,tt1228987,Let Me In,2010.0,"Drama,Fantasy,Horror",7.1,106229.0,nm0716257,Matt Reeves
771,The Secret in Their Eyes,['Billy Ray'],,"Nov 20, 2015","

                                90 minutes
                            
",,['Billy Ray'],,,,,,,,,,,,,
772,The Illusionist,['Sylvain Chomet'],,"Dec 25, 2010","$2,200,000",,"['Jacques Tati', 'Sylvain Chomet']",,,,,,,,,,,,,
773,Vincere,['Marco Bellocchio'],,"Mar 19, 2010","$600,000",,"['Marco Bellocchio', 'Daniela Ceselli']",1194.0,Vincere,92%,91.0,2010.0,,,,,,,,
774,Black Swan,['Henry King'],,"Dec 4, 1942","

                                85 minutes
                            
",,"['Ben Hecht', 'Seton I. Miller']",1195.0,Black Swan,85%,297.0,2010.0,tt0947798,Black Swan,2010.0,"Drama,Thriller",8.0,642411.0,nm0004716,Darren Aronofsky
775,Lourdes,['Jessica Hausner'],,"Feb 17, 2010","

                                99 minutes
                            
",,['Jessica Hausner'],1197.0,Lourdes,93%,40.0,2010.0,,,,,,,,
776,Dogtooth,['Yorgos Lanthimos'],,"Jun 25, 2010","$110,197",,"['Yorgos Lanthimos', 'Efthimis Filippou']",,,,,,,,,,,,,
777,Waiting for Superman,['Davis Guggenheim'],,"Sep 24, 2010","$6,410,257",,"['Davis Guggenheim', 'Billy Kimball']",1199.0,Waiting for Superman,90%,118.0,2010.0,,,,,,,,
778,The Secret of Kells,"['Tomm Moore', 'Nora Twomey']",,"Mar 12, 2010","$686,383",,['Fabrice Ziolkowski'],1200.0,The Secret of Kells,91%,81.0,2010.0,,,,,,,,
779,Blue Valentine,"['Andrij Parekh', 'Derek Cianfrance']",,"Dec 29, 2010","$9,600,000",,"['Derek Cianfrance', 'Joey Curtis', 'Cami Delavigne']",1201.0,Blue Valentine,87%,201.0,2010.0,tt1120985,Blue Valentine,2010.0,"Drama,Romance",7.4,168660.0,nm0161834,Derek Cianfrance
780,Lebanon,['Ben Hickernell'],,"Apr 29, 2011","$44,674",,['Ben Hickernell'],,,,,,,,,,,,,
781,Rabbit Hole,['John Cameron Mitchell'],,"Dec 17, 2010","$2,221,809",,['David Lindsay-Abaire'],1203.0,Rabbit Hole,87%,195.0,2010.0,tt0935075,Rabbit Hole,2010.0,Drama,7.0,45121.0,nm0593463,John Cameron Mitchell
782,Alamar,['Pedro González-Rubio'],,"Jul 14, 2010","$61,613",,['Pedro González-Rubio'],,,,,,,,,,,,,
783,Cropsey,"['Josh Zeman', 'Barbara Brancaccio', 'Joshua Zeman']",,"Jun 4, 2010","$42,393",,"['Joshua Zeman', 'Josh Zeman']",1207.0,Cropsey,91%,43.0,2010.0,,,,,,,,
784,Unstoppable,['David Carson'],,"Oct 27, 2004","

                                96 minutes
                            
",,['Tom Vaughan'],1208.0,Unstoppable,86%,191.0,2010.0,tt0477080,Unstoppable,2010.0,"Action,Thriller",6.8,171599.0,nm0001716,Tony Scott
786,My Dog Tulip,"['Paul Fierlinger', 'Sandra Fierlinger']",,"Sep 1, 2010","$246,574",,['Paul Fierlinger'],1211.0,My Dog Tulip,90%,59.0,2010.0,,,,,,,,
787,Alle Anderen,['Maren Ade'],,"Apr 9, 2010","$11,009",,['Maren Ade'],,,,,,,,,,,,,
788,Easy A,['Will Gluck'],,"Sep 17, 2010","$58,401,464",,['Bert V. Royal'],1214.0,Easy A,85%,186.0,2010.0,tt1282140,Easy A,2010.0,"Comedy,Drama,Romance",7.1,326721.0,nm0323239,Will Gluck
789,Buried,['Rodrigo Cortés'],,"Sep 24, 2010","$200,000",,['Chris Sparling'],1215.0,Buried,86%,155.0,2010.0,tt1462758,Buried,2010.0,"Drama,Mystery,Thriller",7.0,138114.0,nm0181579,Rodrigo Cortés
793,Please Give,['Nicole Holofcener'],,"Apr 30, 2010","$4,033,268",,['Nicole Holofcener'],1220.0,Please Give,86%,139.0,2010.0,tt0878835,Please Give,2010.0,"Comedy,Drama",6.6,10585.0,nm0392237,Nicole Holofcener
794,Terribly Happy,['Henrik Ruben Genz'],,"Feb 1, 2010","$44,411",,"['Henrik Ruben Genz', 'Dunja Gry Jensen']",,,,,,,,,,,,,
795,Get Low,['Aaron Schneider'],,"Jul 30, 2010","$9,176,469",,"['Chris Provenzano', 'C. Gaby Mitchell', 'Aaron Schneider']",1222.0,Get Low,85%,143.0,2010.0,,,,,,,,
796,White Material,['Claire Denis'],,"Nov 19, 2010","$302,819",,"['Claire Denis', ""Marie N'Diaye""]",1224.0,White Material,86%,88.0,2010.0,,,,,,,,
797,The Square,['Nash Edgerton'],,"Apr 9, 2010","$404,898",,"['Joel Edgerton', 'Matthew Dabner']",1225.0,The Square,86%,85.0,2010.0,,,,,,,,
798,Farewell,[' Jan Schütte '],,"Jan 16, 2002","

                                93 minutes
                            
",,['Klaus Pohl'],,,,,,,,,,,,,
799,Looking for Eric,['Ken Loach'],,"May 14, 2010","$215,173",,['Paul Laverty'],1227.0,Looking for Eric,85%,99.0,2010.0,,,,,,,,
800,Four Lions,['Christopher Morris'],,"Nov 5, 2010","$308,769",,"['Christopher Morris', 'Jesse Armstrong', 'Sam Bain', 'Simon Blackwell']",1231.0,Four Lions,83%,133.0,2010.0,tt1341167,Four Lions,2010.0,"Comedy,Crime,Drama",7.3,65655.0,nm0606439,Christopher Morris
801,The Art Of The Steal,['Jonathan Sobol'],,"Mar 14, 2014","

                                90 minutes
                            
",,['Jonathan Sobol'],1232.0,The Art Of The Steal,85%,60.0,2010.0,,,,,,,,
802,I Am Love,['Luca Guadagnino'],,"Jun 18, 2010","$5,004,648",,"['Ivan Cotroneo', 'Barbara Alberti', 'Walter Fasano', 'Luca Guadagnino']",1235.0,I Am Love,82%,129.0,2010.0,,,,,,,,
803,North Face,['Philipp Stölzl'],,"Jan 29, 2010","$500,948",,"['Christopher Silber', 'Philipp Stölzl', 'Christoph Silber', 'Rupert Henning', 'Johannes Naber']",,,,,,,,,,,,,
804,Cyrus,"['Jay Duplass', 'Mark Duplass']",,"Jun 18, 2010","$7,455,447",,"['Jay Duplass', 'Mark Duplass']",1238.0,Cyrus,80%,154.0,2010.0,tt1327709,Cyrus,2010.0,"Crime,Horror,Mystery",4.7,937.0,nm1067375,Mark Vadik
806,Catfish,"['Ariel Schulman', 'Henry Joost']",,"Jan 4, 2011","

                                86 minutes
                            
",,[],1240.0,Catfish,80%,149.0,2010.0,tt1584016,Catfish,2010.0,"Documentary,Drama,Mystery",7.1,38461.0,"nm1413364,nm1160962",
807,Nowhere Boy,['Sam Taylor-Johnson'],,"Oct 8, 2010","$1,445,366",,['Matt Greenhalgh'],1241.0,Nowhere Boy,80%,145.0,2010.0,,,,,,,,
808,Mademoiselle Chambon,['Stéphane Brizé'],,"Jun 11, 2010","$530,369",,"['Stéphane Brizé', 'Florence Vignon']",1242.0,Mademoiselle Chambon,83%,52.0,2010.0,,,,,,,,
809,City Island,['Raymond De Felitta'],,"Mar 19, 2010","$6,670,712",,['Raymond De Felitta'],1244.0,City Island,81%,101.0,2010.0,,,,,,,,
810,Made in Dagenham,['Nigel Cole'],,"Nov 19, 2010","$1,094,798",,['William Ivory'],1245.0,Made in Dagenham,80%,128.0,2010.0,tt1371155,Made in Dagenham,2010.0,"Biography,Comedy,Drama",7.2,13012.0,nm0170719,Nigel Cole
811,The Disappearance of Alice Creed,['J Blakeson'],,"Aug 6, 2010","$166,980",,['J Blakeson'],1247.0,The Disappearance of Alice Creed,81%,95.0,2010.0,,,,,,,,
812,Fair Game,['Michael Whaley'],,"Feb 12, 2005","

                                85 minutes
                            
",,"['J.M. Winters', 'Michael Whaley']",1249.0,Fair Game,78%,172.0,2010.0,tt0977855,Fair Game,2010.0,"Biography,Drama,Thriller",6.8,43598.0,nm0510731,Doug Liman
813,Cairo Time,['Ruba Nadda'],,"Aug 6, 2010","$1,500,000",,['Ruba Nadda'],1250.0,Cairo Time,81%,79.0,2010.0,,,,,,,,
814,Disneynature Oceans,"['Jacques Cluzaud', 'Jacques Perrin']",,"Apr 22, 2010","$19,000,000",,"['Jacques Perrin', 'Jacques Cluzaud', 'François Sarano', 'Stéphane Durand', 'Laurent Debas']",1251.0,Disneynature Oceans,81%,78.0,2010.0,,,,,,,,
815,Iron Man 2,['Justin Theroux'],,"Sep 28, 2010","

                                124 minutes
                            
",,[],1254.0,Iron Man 2,73%,287.0,2010.0,tt1228705,Iron Man 2,2010.0,"Action,Adventure,Sci-Fi",7.0,640461.0,nm0269463,Jon Favreau
818,Tiny Furniture,['Lena Dunham'],,"Nov 12, 2010","$389,334",,['Lena Dunham'],1257.0,Tiny Furniture,79%,97.0,2010.0,tt1570989,Tiny Furniture,2010.0,"Comedy,Drama,Romance",6.2,13277.0,nm2501633,Lena Dunham
819,Mother and Child,['Rodrigo García'],,"May 7, 2010","$1,110,286",,['Rodrigo García'],1258.0,Mother and Child,78%,127.0,2010.0,,,,,,,,
820,Solitary Man,"['Brian Koppelman', 'David Levien']",,"May 21, 2010","$4,360,548",,['Brian Koppelman'],1259.0,Solitary Man,79%,96.0,2010.0,tt1591778,Solitary Man,2010.0,"Crime,Drama,Mystery",6.7,1071.0,nm0362734,Rob Hardy
821,Countdown to Zero,['Lucy Walker'],,"Jul 23, 2010","$271,323",,['Lucy Walker'],1260.0,Countdown to Zero,79%,87.0,2010.0,tt1572769,Countdown to Zero,2010.0,Documentary,6.9,2069.0,nm1013671,Lucy Walker
822,Night Catches Us,['Tanya Hamilton'],,"Dec 3, 2010","$75,343",,['Tanya Hamilton'],1261.0,Night Catches Us,80%,56.0,2010.0,tt0775543,Night Catches Us,2010.0,"Drama,Romance",6.3,1381.0,nm0358184,Tanya Hamilton
823,Greenberg,['Noah Baumbach'],,"Mar 26, 2010","$2,293,918",,"['Jennifer Jason Leigh', 'Noah Baumbach']",1262.0,Greenberg,76%,170.0,2010.0,tt1234654,Greenberg,2010.0,"Comedy,Drama,Romance",6.1,33510.0,nm0000876,Noah Baumbach
824,How I Ended This Summer,"['Aleksei Popogrebsky', 'Mirko Rucnov']",,"Jan 28, 2010","

                                124 minutes
                            
",,['Aleksei Popogrebsky'],1265.0,How I Ended This Summer,79%,43.0,2010.0,tt1588875,How I Ended This Summer,2010.0,Drama,7.0,6044.0,nm1403225,Aleksey Popogrebskiy
825,The Girl on the Train,['André Téchiné'],,"Jan 22, 2010","$207,323",,"['André Téchiné', 'Odile Barski', 'Jean-Marie Besset']",,,,,,,,,,,,,
826,Nanny McPhee Returns,['Susanna White'],,"Aug 20, 2010","$28,995,450",,['Emma Thompson'],1267.0,Nanny McPhee Returns,76%,119.0,2010.0,tt1415283,Nanny McPhee Returns,2010.0,"Comedy,Family,Fantasy",6.1,24633.0,nm1264352,Susanna White
827,The Artist,['Michel Hazanavicius'],,"Nov 25, 2011","$44,667,095",,['Michel Hazanavicius'],1269.0,The Artist,95%,307.0,2011.0,tt1655442,The Artist,2011.0,"Comedy,Drama,Romance",7.9,215934.0,nm0371890,Michel Hazanavicius
830,Moneyball,['Bennett Miller'],,"Sep 23, 2011","$75,605,492",,"['Steven Zaillian', 'Aaron Sorkin']",1273.0,Moneyball,94%,255.0,2011.0,tt1210166,Moneyball,2011.0,"Biography,Drama,Sport",7.6,323112.0,nm0587955,Bennett Miller
831,The Muppets,['James Bobin'],,"Nov 23, 2011","$88,625,922",,"['Jason Segel', 'Nicholas Stoller']",1274.0,The Muppets,95%,220.0,2011.0,tt1204342,The Muppets,2011.0,"Adventure,Comedy,Family",7.1,82320.0,nm0090386,James Bobin
833,Poetry,['Chang-dong Lee'],,"Feb 11, 2011","$355,044",,['Chang-dong Lee'],1276.0,Poetry,100%,66.0,2011.0,,,,,,,,
834,Le Havre,['Aki Kaurismäki'],,"Oct 21, 2011","$332,068",,['Aki Kaurismäki'],1277.0,Le Havre,99%,93.0,2011.0,tt1508675,Le Havre,2011.0,"Comedy,Drama",7.2,18308.0,nm0442454,Aki Kaurismäki
835,The Interrupters,['Steve James (II)'],,"Feb 13, 2012","

                                125 minutes
                            
",,[],1278.0,The Interrupters,99%,89.0,2011.0,tt1319744,The Interrupters,2011.0,"Crime,Documentary",7.5,3318.0,nm0416945,Steve James
836,Project Nim,['James Marsh'],,"Feb 7, 2012","

                                99 minutes
                            
",,[],1279.0,Project Nim,97%,141.0,2011.0,tt1814836,Project Nim,2011.0,Documentary,7.4,7896.0,nm1016428,James Marsh
837,Nostalgia for the Light,['Patricio Guzmán'],,"Mar 18, 2011","$96,142",,['Patricio Guzmán'],1280.0,Nostalgia for the Light,100%,46.0,2011.0,,,,,,,,
838,We Were Here,"['David Weissman', 'Bill Weber']",,"May 15, 2012","
Independent Films
",,[],1282.0,We Were Here,100%,44.0,2011.0,tt1787837,We Were Here,2011.0,"Biography,Documentary,History",7.8,1825.0,"nm2406324,nm0918847",
839,Bill Cunningham New York,['Richard Press'],,"Sep 19, 2011","

                                84 minutes
                            
",,[],1283.0,Bill Cunningham New York,99%,72.0,2011.0,,,,,,,,
840,Drive,['Steve Wang'],,"Aug 11, 1998","

                                99 minutes
                            
",,['Scott Phillips'],1285.0,Drive,92%,255.0,2011.0,tt0780504,Drive,2011.0,"Crime,Drama",7.8,516431.0,nm0716347,Nicolas Winding Refn
842,Source Code,['Duncan Jones'],,"Apr 1, 2011","$54,696,902",,"['Ben Ripley', 'Billy Ray']",1287.0,Source Code,92%,254.0,2011.0,tt0945513,Source Code,2011.0,"Action,Drama,Sci-Fi",7.5,448126.0,nm1512910,Duncan Jones
843,Cave of Forgotten Dreams,['Werner Herzog'],,"Apr 29, 2011","$5,234,785",,['Werner Herzog'],1288.0,Cave of Forgotten Dreams,96%,133.0,2011.0,,,,,,,,
844,Hugo,['Martin Scorsese'],,"Nov 23, 2011","$73,820,094",,['John Logan'],1289.0,Hugo,93%,220.0,2011.0,tt0970179,Hugo,2011.0,"Adventure,Drama,Family",7.5,282813.0,nm0000217,Martin Scorsese
845,Midnight in Paris,['Woody Allen'],,"Jun 10, 2011","$55,400,000",,['Woody Allen'],1290.0,Midnight in Paris,93%,217.0,2011.0,tt1605783,Midnight in Paris,2011.0,"Comedy,Fantasy,Romance",7.7,353119.0,nm0000095,Woody Allen
847,Born To Be Wild,['Joseph Kane'],,"Feb 16, 1938","
                        
                            Republic
                        
                    ",,['Nathanael West'],1293.0,Born To Be Wild,98%,49.0,2011.0,,,,,,,,
848,Tomboy,"['Robert McGowan', 'Robert F. McGowan']",,"Mar 29, 2011","
                        
                            Monogram
                        
                    ",,"['Marion Orth', 'Dorothy Davenport', 'Dorothy Reid']",1296.0,Tomboy,97%,64.0,2011.0,tt1847731,Tomboy,2011.0,Drama,7.4,15317.0,nm1780037,Céline Sciamma
849,Weekend,['Michael Todd Kuskin'],,"Jun 16, 2007","

                                99 minutes
                            
",,['Michael Todd Kuskin'],1301.0,Weekend,95%,81.0,2011.0,tt1714210,Weekend,2011.0,"Drama,Romance",7.6,25133.0,nm0354091,Andrew Haigh
851,Arthur Christmas,"['Sarah Smith', 'Barry Cook']",,"Nov 23, 2011","$46,440,491",,"['Peter Baynham', 'Sarah Smith']",1304.0,Arthur Christmas,92%,165.0,2011.0,tt1430607,Arthur Christmas,2011.0,"Adventure,Animation,Comedy",7.1,45097.0,"nm0809877,nm0176905",
852,The Arbor,['Clio Barnard'],,"Apr 27, 2011","$21,268",,['Clio Barnard'],1305.0,The Arbor,96%,46.0,2011.0,,,,,,,,
853,Silent Souls,['Aleksei Fedorchenko'],,"Sep 16, 2011","

                                75 minutes
                            
",,['Denis Osokin'],1306.0,Silent Souls,96%,46.0,2011.0,,,,,,,,
854,Take Shelter,['Jeff Nichols'],,"Sep 30, 2011","$1,600,000",,['Jeff Nichols'],1308.0,Take Shelter,92%,161.0,2011.0,tt1675192,Take Shelter,2011.0,"Drama,Horror,Thriller",7.4,82423.0,nm2158772,Jeff Nichols
855,Incendies,['Denis Villeneuve'],,"Sep 13, 2011","

                                130 minutes
                            
",,[],1309.0,Incendies,93%,121.0,2011.0,,,,,,,,
856,Martha Marcy May Marlene,['Sean Durkin'],,"Oct 21, 2011","$2,981,038",,['Sean Durkin'],1311.0,Martha Marcy May Marlene,90%,204.0,2011.0,tt1441326,Martha Marcy May Marlene,2011.0,"Drama,Mystery,Thriller",6.9,45578.0,nm1699934,Sean Durkin
857,Senna,['Asif Kapadia'],,"Aug 12, 2011","$1,602,460",,['Manish Pandey'],1312.0,Senna,92%,118.0,2011.0,,,,,,,,
858,Of Gods and Men,['Xavier Beauvois'],,"Feb 25, 2011","$3,200,000",,"['Xavier Beauvois', 'Etienne Comar']",1314.0,Of Gods and Men,92%,116.0,2011.0,,,,,,,,
859,Attack the Block,['Joe Cornish'],,"Jul 29, 2011","$800,000",,['Joe Cornish'],1315.0,Attack the Block,90%,174.0,2011.0,tt1478964,Attack the Block,2011.0,"Action,Comedy,Sci-Fi",6.6,93263.0,nm0180428,Joe Cornish
860,Rango,['Gore Verbinski'],,"Mar 4, 2011","$123,188,232",,['John Logan'],1323.0,Rango,88%,216.0,2011.0,tt1192628,Rango,2011.0,"Adventure,Animation,Comedy",7.2,213610.0,nm0893659,Gore Verbinski
865,The Four Times,['Michelangelo Frammartino'],,"Mar 30, 2011","$152,530",,['Michelangelo Frammartino'],,,,,,,,,,,,,
866,City of Life and Death,['Chuan Lu'],,"May 11, 2011","$68,767",,['Chuan Lu'],1332.0,City of Life and Death,92%,51.0,2011.0,,,,,,,,
867,Point Blank,['Fred Cavayé'],,"Jul 29, 2011","$706,937",,"['Fred Cavayé', 'Guillaume Lemans']",1335.0,Point Blank,91%,79.0,2011.0,,,,,,,,
868,Margin Call,['J.C. Chandor'],,"Oct 21, 2011","$600,000",,['J.C. Chandor'],1336.0,Margin Call,88%,163.0,2011.0,tt1615147,Margin Call,2011.0,"Drama,Thriller",7.1,106492.0,nm1170855,J.C. Chandor
869,Certified Copy,['Abbas Kiarostami'],,"Mar 11, 2011","$1,337,384",,"['Abbas Kiarostami', 'Massoumeh Lahidji']",,,,,,,,,,,,,
870,Submarine,['Richard Ayoade'],,"Jun 3, 2011","$400,000",,['Richard Ayoade'],1338.0,Submarine,88%,152.0,2011.0,,,,,,,,
871,The Trip,['Michael Winterbottom'],,"Oct 11, 2011","

                                107 minutes
                            
",,[],1339.0,The Trip,89%,105.0,2011.0,,,,,,,,
872,Buck,['Cindy Meehl'],,"Oct 4, 2011","

                                88 minutes
                            
",,[],1341.0,Buck,89%,102.0,2011.0,tt1753549,Buck,2011.0,Documentary,7.6,3030.0,nm4137350,Cindy Meehl
873,Uncle Boonmee Who Can Recall His Past Lives,['Apichatpong Weerasethakul'],,"Mar 2, 2011","$183,605",,['Apichatpong Weerasethakul'],1342.0,Uncle Boonmee Who Can Recall His Past Lives,89%,97.0,2011.0,,,,,,,,
874,The Ides of March,['George Clooney'],,"Oct 7, 2011","$40,962,534",,"['George Clooney', 'Grant Heslov', 'Beau Willimon', 'Beau Williams']",1344.0,The Ides of March,84%,234.0,2011.0,tt1124035,The Ides of March,2011.0,"Drama,Thriller",7.1,206497.0,nm0000123,George Clooney
875,Cedar Rapids,['Miguel Arteta'],,"Feb 11, 2011","$6,800,000",,"['Phil Johnson', 'Phil Johnston']",1346.0,Cedar Rapids,86%,163.0,2011.0,tt1477837,Cedar Rapids,2011.0,Comedy,6.3,34672.0,nm0037708,Miguel Arteta
876,Rise of the Planet of the Apes,['Rupert Wyatt'],,"Aug 5, 2011","$175,300,000",,"['Rick Jaffa', 'Amanda Silver']",1347.0,Rise of the Planet of the Apes,82%,265.0,2011.0,tt1318514,Rise of the Planet of the Apes,2011.0,"Action,Drama,Sci-Fi",7.6,469255.0,nm1012501,Rupert Wyatt
877,Super 8,['J.J. Abrams'],,"Jun 10, 2011","$126,975,169",,['J.J. Abrams'],1348.0,Super 8,81%,283.0,2011.0,tt1650062,Super 8,2011.0,"Mystery,Sci-Fi,Thriller",7.0,318596.0,nm0009190,J.J. Abrams
880,Tinker Tailor Soldier Spy,['Tomas Alfredson'],,"Dec 9, 2011","$20,200,000",,"['Peter Straughan', ""Bridget O'Connor""]",1351.0,Tinker Tailor Soldier Spy,83%,221.0,2011.0,tt1340800,Tinker Tailor Soldier Spy,2011.0,"Drama,Mystery,Thriller",7.1,173634.0,nm0019247,Tomas Alfredson
881,Beginners,['Mike Mills'],,"Jun 3, 2011","$5,764,842",,['Mike Mills'],1352.0,Beginners,85%,158.0,2011.0,,,,,,,,
882,The Lincoln Lawyer,['Brad Furman'],,"Mar 10, 2011","$57,900,000",,['John Romano'],1356.0,The Lincoln Lawyer,84%,170.0,2011.0,tt1189340,The Lincoln Lawyer,2011.0,"Crime,Drama,Thriller",7.3,194813.0,nm1026778,Brad Furman
883,Bobby Fischer Against The World,['Liz Garbus'],,"Dec 5, 2011","
Music Box Films
",,[],1357.0,Bobby Fischer Against The World,88%,48.0,2011.0,,,,,,,,
884,The Hedgehog,['Mona Achache'],,"Aug 19, 2011","$828,801",,['Mona Achache'],1359.0,The Hedgehog,87%,70.0,2011.0,,,,,,,,
885,A Screaming Man,['Mahamat-Saleh Haroun'],,"Apr 13, 2011","$9,862",,['Mahamat-Saleh Haroun'],1360.0,A Screaming Man,88%,40.0,2011.0,,,,,,,,
886,Terri,['Azazel Jacobs'],,"Jul 1, 2011","$400,000",,['Patrick DeWitt'],1362.0,Terri,86%,96.0,2011.0,tt1687281,Terri,2011.0,"Comedy,Drama",6.5,9137.0,nm0414337,Azazel Jacobs
887,Even the Rain,['Iciar Bollain'],,"Feb 18, 2011","$558,342",,['Paul Laverty'],,,,,,,,,,,,,
888,My Week with Marilyn,['Simon Curtis'],,"Nov 23, 2011","$12,600,000",,['Adrian Hodges'],1364.0,My Week with Marilyn,83%,177.0,2011.0,tt1655420,My Week with Marilyn,2011.0,"Biography,Drama",7.0,78885.0,nm0193508,Simon Curtis
889,Carancho,['Pablo Trapero'],,"Feb 11, 2011","$85,363",,"['Alejandro Fadel', 'Martín Mauregui', 'Santiago Mitre', 'Pablo Trapero']",1367.0,Carancho,87%,47.0,2011.0,,,,,,,,
890,Circumstance,['Maryam Keshavarz'],,"Aug 26, 2011","$452,602",,['Maryam Keshavarz'],1368.0,Circumstance,86%,76.0,2011.0,tt1684628,Circumstance,2011.0,Drama,5.9,7015.0,nm1991486,Maryam Keshavarz
891,A Better Life,['Chris Weitz'],,"Jun 24, 2011","$1,754,319",,"['Roger L. Simon', 'Eric Eason']",1369.0,A Better Life,85%,105.0,2011.0,tt1554091,A Better Life,2011.0,"Drama,Romance",7.2,14532.0,nm0919363,Chris Weitz
893,La princesse de Montpensier,['Bertrand Tavernier'],,"Apr 15, 2011","$340,917",,"['Bertrand Tavernier', 'Jean Cosmos', 'François-Olivier Rousseau']",,,,,,,,,,,,,
894,Potiche,['François Ozon'],,"Mar 25, 2011","$900,000",,['François Ozon'],1375.0,Potiche,83%,115.0,2011.0,,,,,,,,
895,Mysteries of Lisbon,['Raoul Ruiz'],,"Aug 5, 2011","$110,507",,"['Camilo Castelo Branco', 'Carlos Saboga']",1376.0,Mysteries of Lisbon,85%,54.0,2011.0,tt1242503,Mysteries of Lisbon,2011.0,"Drama,Mystery,Romance",8.2,232.0,nm0749914,Raoul Ruiz
896,Trollhunter,['André Øvredal'],,"Jun 10, 2011","$252,652",,"['André Øvredal', 'Håvard Johansen']",1380.0,Trollhunter,83%,105.0,2011.0,,,,,,,,
897,Young Adult,['Jason Reitman'],,"Dec 16, 2011","$16,295,033",,['Diablo Cody'],1381.0,Young Adult,80%,192.0,2011.0,tt1625346,Young Adult,2011.0,"Comedy,Drama",6.3,73362.0,nm0718646,Jason Reitman
898,Thor,['Kenneth Branagh'],,"May 6, 2011","$181,015,141",,"['Zack Stentz', 'Ashley Edward Miller', 'Mark Protosevich', 'Don Payne']",1382.0,Thor,77%,281.0,2011.0,tt0800369,Thor,2011.0,"Action,Adventure,Fantasy",7.0,665357.0,nm0000110,Kenneth Branagh
901,Shame,['Ingmar Bergman'],,"Dec 23, 1968","

                                103 minutes
                            
",,['Ingmar Bergman'],1386.0,Shame,79%,214.0,2011.0,tt1723811,Shame,2011.0,Drama,7.2,170089.0,nm2588606,Steve McQueen
903,The Skin I Live In,['Pedro Almodóvar'],,"Oct 14, 2011","$3,185,193",,"['Pedro Almodóvar', 'Agustín Almodóvar']",1388.0,The Skin I Live In,80%,174.0,2011.0,tt1189073,The Skin I Live In,2011.0,"Drama,Horror,Thriller",7.6,122006.0,nm0000264,Pedro Almodóvar
904,Skyfall,['Sam Mendes'],,"Nov 9, 2012","$299,300,000",,"['John Logan', 'Robert Wade', 'Neal Purvis']",1390.0,Skyfall,92%,364.0,2012.0,tt1074638,Skyfall,2012.0,"Action,Adventure,Thriller",7.8,587976.0,nm0005222,Sam Mendes
906,Looper,['Rian Johnson'],,"Sep 28, 2012","$66,305,045",,['Rian Johnson'],1393.0,Looper,93%,260.0,2012.0,tt1276104,Looper,2012.0,"Action,Crime,Drama",7.4,495981.0,nm0426059,Rian Johnson
907,Moonrise Kingdom,['Wes Anderson'],,"May 25, 2012","$45,507,865",,"['Wes Anderson', 'Roman Coppola']",1394.0,Moonrise Kingdom,93%,246.0,2012.0,tt1748122,Moonrise Kingdom,2012.0,"Adventure,Comedy,Drama",7.8,288874.0,nm0027572,Wes Anderson
908,Jiro Dreams of Sushi,['David Gelb'],,"Mar 9, 2012","$200,000",,['David Gelb'],1395.0,Jiro Dreams of Sushi,99%,93.0,2012.0,,,,,,,,
909,Wake in Fright,['Ted Kotcheff'],,"Oct 5, 2012","$27,624",,['Evan Jones'],1396.0,Wake in Fright,100%,51.0,2012.0,,,,,,,,
910,How to Survive a Plague,['David France'],,"Sep 21, 2012","$122,665",,"['David France', 'T. Woody Richman', 'Tyler Walk']",1397.0,How to Survive a Plague,99%,75.0,2012.0,tt2124803,How to Survive a Plague,2012.0,"Documentary,History,News",7.6,3452.0,nm0289800,David France
911,The Cabin in the Woods,['Drew Goddard'],,"Apr 13, 2012","$42,043,633",,"['Joss Whedon', 'Drew Goddard']",1398.0,The Cabin in the Woods,91%,274.0,2012.0,,,,,,,,
912,The Invisible War,['Kirby Dick'],,"Jun 22, 2012","$66,167",,"['Kirby Dick', 'Doug Blush', 'Amy Ziering']",1399.0,The Invisible War,99%,71.0,2012.0,tt2120152,The Invisible War,2012.0,"Crime,Documentary",7.6,6318.0,nm0225269,Kirby Dick
913,Silver Linings Playbook,['David O. Russell'],,"Nov 21, 2012","$132,088,910",,['David O. Russell'],1400.0,Silver Linings Playbook,92%,246.0,2012.0,tt1045658,Silver Linings Playbook,2012.0,"Comedy,Drama,Romance",7.7,616677.0,nm0751102,David O. Russell
914,Monsieur Lazhar,['Philippe Falardeau'],,"Apr 13, 2012","$2,009,041",,['Philippe Falardeau'],1401.0,Monsieur Lazhar,97%,117.0,2012.0,,,,,,,,
915,The Dark Knight Rises,['Christopher Nolan'],,"Jul 20, 2012","$448,130,642",,"['Christopher Nolan', 'Jonathan Nolan', 'Bob Kane']",1404.0,The Dark Knight Rises,87%,355.0,2012.0,tt1345836,The Dark Knight Rises,2012.0,"Action,Thriller",8.4,1369084.0,nm0634240,Christopher Nolan
919,The Kid with a Bike,"['Jean-Pierre Dardenne', 'Luc Dardenne']",,"Mar 16, 2012","$1,384,749",,"['Jean-Pierre Dardenne', 'Luc Dardenne']",1408.0,The Kid with a Bike,96%,129.0,2012.0,,,,,,,,
920,This Is Not a Film,['Michael A. Nickles'],,"Sep 12, 2006","
                        
                            Pictures in Progression Entertainment
                        
                    ",,[],1409.0,This Is Not a Film,97%,98.0,2012.0,,,,,,,,
921,The Secret World of Arrietty,['Hiromasa Yonebayashi'],,"Feb 17, 2012","$19,192,510",,['Hayao Miyazaki'],1410.0,The Secret World of Arrietty,95%,148.0,2012.0,tt2267095,The Secret World of Arrietty,2012.0,"Comedy,Short",4.9,9.0,nm3766090,Doug Walker
922,West of Memphis,['Amy Berg'],,"Dec 25, 2012","$309,864",,"['Amy Berg', 'Billy McMillin']",1414.0,West of Memphis,96%,113.0,2012.0,tt2130321,West of Memphis,2012.0,"Crime,Documentary",7.9,9167.0,nm1332844,Amy Berg
923,The Loved Ones,['Sean Byrne'],,"Sep 11, 2012","
Independent Pictures
",,[],1415.0,The Loved Ones,98%,55.0,2012.0,,,,,,,,
924,The Island President,['Jon Shenk'],,"Nov 13, 2012","

                                101 minutes
                            
",,[],1420.0,The Island President,98%,47.0,2012.0,,,,,,,,
925,The Queen of Versailles,['Lauren Greenfield'],,"Nov 13, 2012","

                                100 minutes
                            
",,[],1422.0,The Queen of Versailles,95%,112.0,2012.0,tt2125666,The Queen of Versailles,2012.0,Documentary,7.1,11859.0,nm1132362,Lauren Greenfield
926,Marley,['Kevin Macdonald'],,"Aug 7, 2012","

                                144 minutes
                            
",,[],1423.0,Marley,95%,106.0,2012.0,tt1183919,Marley,2012.0,"Biography,Documentary,Music",8.0,12429.0,nm0531817,Kevin Macdonald
927,Searching for Sugar Man,['Malik Bendjelloul'],,"Jul 27, 2012","$3,100,000",,['Malik Bendjelloul'],1424.0,Searching for Sugar Man,94%,126.0,2012.0,tt2125608,Searching for Sugar Man,2012.0,"Biography,Documentary,Music",8.2,58146.0,nm0070594,Malik Bendjelloul
928,The Sessions,['Ben Lewin'],,"Oct 19, 2012","$5,997,134",,['Ben Lewin'],1425.0,The Sessions,91%,198.0,2012.0,tt1866249,The Sessions,2012.0,"Biography,Comedy,Drama",7.2,39584.0,nm0506802,Ben Lewin
929,Chasing Ice,['Jeff Orlowski'],,"Nov 9, 2012","$1,309,997",,['Mark Monroe'],1426.0,Chasing Ice,96%,70.0,2012.0,tt1579361,Chasing Ice,2012.0,"Biography,Documentary",7.8,7673.0,nm2341611,Jeff Orlowski
930,Brooklyn Castle,['Katie Dellamaggiore'],,"Jun 4, 2013","

                                102 minutes
                            
",,[],1429.0,Brooklyn Castle,96%,51.0,2012.0,tt1800266,Brooklyn Castle,2012.0,Documentary,7.3,859.0,nm2279885,Katie Dellamaggiore
931,5 Broken Cameras,"['Emad Burnat', 'Guy Davidi']",,"May 30, 2012","$108,541",,['Guy Davidi'],1431.0,5 Broken Cameras,96%,46.0,2012.0,,,,,,,,
932,Django Unchained,['Quentin Tarantino'],,"Dec 25, 2012","$162,804,648",,['Quentin Tarantino'],1433.0,Django Unchained,86%,277.0,2012.0,tt1853728,Django Unchained,2012.0,"Drama,Western",8.4,1192602.0,nm0000233,Quentin Tarantino
933,Headhunters,['Morten Tyldum'],,"Apr 27, 2012","$794,849",,"['Ulf Ryberg', 'Lars Gudmestad', 'Jo Nesbø']",1434.0,Headhunters,93%,97.0,2012.0,tt2168676,Headhunters,2012.0,"Adventure,Animation,Comedy",8.1,1149.0,nm1434374,John Aoshima
935,Holy Motors,['Leos Carax'],,"Oct 17, 2012","$641,054",,['Leos Carax'],1436.0,Holy Motors,91%,147.0,2012.0,tt2076220,Holy Motors,2012.0,"Drama,Fantasy",7.1,36443.0,nm0136021,Leos Carax
936,Sing Your Song,['Susanne Rostock'],,"May 29, 2012","

                                100 minutes
                            
",,[],1438.0,Sing Your Song,95%,40.0,2012.0,,,,,,,,
937,The House I Live In,['Eugene Jarecki'],,"Oct 5, 2012","$210,752",,['Eugene Jarecki'],1439.0,The House I Live In,94%,64.0,2012.0,tt2125653,The House I Live In,2012.0,Documentary,7.9,4996.0,nm0418659,Eugene Jarecki
938,The Central Park Five,"['Ken Burns', 'Sarah Burns', 'David McMahon']",,"Nov 23, 2012","$273,747",,"['David McMahon', 'Ken Burns', 'Sarah Burns']",1443.0,The Central Park Five,93%,73.0,2012.0,tt2380247,The Central Park Five,2012.0,"Crime,Documentary,History",7.6,5831.0,"nm0122741,nm2047334,nm5023740",
939,The Hunger Games,['Gary Ross'],,"Mar 23, 2012","$407,981,652",,"['Billy Ray', 'Suzanne Collins', 'Gary Ross']",1444.0,The Hunger Games,84%,298.0,2012.0,tt1392170,The Hunger Games,2012.0,"Action,Adventure,Sci-Fi",7.2,789299.0,nm0002657,Gary Ross
941,I Wish,['Hirokazu Koreeda'],,"May 11, 2012","$145,697",,['Hirokazu Koreeda'],1446.0,I Wish,93%,72.0,2012.0,tt2670556,I Wish,2012.0,Fantasy,8.2,12.0,nm3346085,Jim Idema
942,Safety Not Guaranteed,['Colin Trevorrow'],,"Jun 8, 2012","$4,007,792",,['Derek Connolly'],1447.0,Safety Not Guaranteed,90%,143.0,2012.0,tt1862079,Safety Not Guaranteed,2012.0,"Comedy,Drama,Romance",7.0,111188.0,nm1119880,Colin Trevorrow
943,Life of Pi,['Ang Lee'],,"Nov 21, 2012","$103,500,000",,['David Magee'],1448.0,Life of Pi,86%,243.0,2012.0,tt0454876,Life of Pi,2012.0,"Adventure,Drama,Fantasy",7.9,529019.0,nm0000487,Ang Lee
944,Side by Side,['Jack Bender'],,"Apr 22, 1992","
                        
                            Avnet/Kerner Productions
                        
                    ",,"['Rosemary Edelman', 'Anthony Velona', 'Sheldon Keller']",1449.0,Side by Side,93%,67.0,2012.0,tt2014338,Side by Side,2012.0,Documentary,7.6,12393.0,nm0447863,Christopher Kenneally
946,ParaNorman,"['Sam Fell', 'Chris Butler']",,"Aug 17, 2012","$55,994,557",,['Chris Butler'],1452.0,ParaNorman,88%,180.0,2012.0,tt1623288,ParaNorman,2012.0,"Adventure,Animation,Comedy",7.0,86364.0,"nm2752098,nm0271402",
947,Once Upon a Time in Anatolia,['Nuri Bilge Ceylan'],,"Jan 4, 2012","$138,730",,"['Ebru Ceylan', 'Nuri Bilge Ceylan', 'Ercan Kesal']",1453.0,Once Upon a Time in Anatolia,92%,75.0,2012.0,,,,,,,,
948,Beasts of the Southern Wild,['Benh Zeitlin'],,"Jun 27, 2012","$12,784,397",,"['Benh Zeitlin', 'Lucy Alibar']",1454.0,Beasts of the Southern Wild,87%,200.0,2012.0,tt2125435,Beasts of the Southern Wild,2012.0,"Adventure,Drama,Fantasy",7.3,77081.0,nm1022455,Benh Zeitlin
949,Arbitrage,['Nicholas Jarecki'],,"Sep 14, 2012","$7,918,283",,['Nicholas Jarecki'],1455.0,Arbitrage,88%,169.0,2012.0,tt1764183,Arbitrage,2012.0,"Drama,Thriller",6.6,46506.0,nm1906430,Nicholas Jarecki
950,Compliance,['Craig Zobel'],,"Aug 17, 2012","$318,622",,['Craig Zobel'],1457.0,Compliance,89%,141.0,2012.0,tt1971352,Compliance,2012.0,"Biography,Crime,Drama",6.4,28467.0,nm0957505,Craig Zobel
951,Bernie,['Albert Dupontel'],,"May 8, 2008","
                        
                            Canal
                        
                    ",,"['Albert Dupontel', 'Gilles Laurent']",1458.0,Bernie,88%,159.0,2012.0,,,,,,,,
952,A Royal Affair,['Nikolaj Arcel'],,"Nov 9, 2012","$1,545,726",,"['Nikolaj Arcel', 'Rasmus Heisterberg']",1459.0,A Royal Affair,90%,108.0,2012.0,tt1276419,A Royal Affair,2012.0,"Biography,Drama,History",7.6,40614.0,nm1064048,Nikolaj Arcel
953,Wreck-it Ralph,['Rich Moore'],,"Nov 2, 2012","$189,412,677",,['Phil Johnston'],1460.0,Wreck-it Ralph,87%,183.0,2012.0,,,,,,,,
954,Footnote,['Joseph Cedar'],,"Mar 9, 2012","$1,900,000",,['Joseph Cedar'],1462.0,Footnote,90%,88.0,2012.0,,,,,,,,
955,The Perks of Being a Wallflower,['Stephen Chbosky'],,"Sep 21, 2012","$14,900,000",,['Stephen Chbosky'],1467.0,The Perks of Being a Wallflower,86%,159.0,2012.0,tt1659337,The Perks of Being a Wallflower,2012.0,Drama,8.0,418964.0,nm0154716,Stephen Chbosky
956,Chronicle,['Josh Trank '],,"Feb 3, 2012","$60,800,000",,['Max Landis'],1468.0,Chronicle,85%,177.0,2012.0,tt1706593,Chronicle,2012.0,"Drama,Sci-Fi,Thriller",7.1,227871.0,nm2503633,Josh Trank
957,End of Watch,['David Ayer'],,"Sep 21, 2012","$39,100,000",,['David Ayer'],1469.0,End of Watch,85%,176.0,2012.0,tt1855199,End of Watch,2012.0,"Action,Crime,Drama",7.6,209607.0,nm0043742,David Ayer
958,Keep the Lights On,['Ira Sachs'],,"Sep 7, 2012","$243,536",,"['Ira Sachs', 'Mauricio Zacharias']",1472.0,Keep the Lights On,89%,62.0,2012.0,tt2011953,Keep the Lights On,2012.0,"Drama,Romance",6.3,4935.0,nm0755158,Ira Sachs
959,Seven Psychopaths,['Martin McDonagh'],,"Oct 12, 2012","$15,000,000",,['Martin McDonagh'],1474.0,Seven Psychopaths,82%,213.0,2012.0,tt1931533,Seven Psychopaths,2012.0,"Comedy,Crime",7.2,221536.0,nm1732981,Martin McDonagh
960,Neil Young Journeys,['Jonathan Demme'],,"Oct 16, 2012","

                                87 minutes
                            
",,[],1475.0,Neil Young Journeys,88%,60.0,2012.0,,,,,,,,
961,Bully,['Larry Clark'],,"Jul 13, 2001","

                                111 minutes
                            
",,"['Zachary Long', 'Roger Pullis']",1476.0,Bully,85%,135.0,2012.0,tt2201825,Bully,2012.0,Comedy,7.5,845.0,nm0003733,Daniel Attias
963,The Turin Horse,"['Bela Tarr', 'Ágnes Hranitzky']",,"Feb 10, 2012","$53,690",,"['László Krasznahorkai', 'Bela Tarr', 'Bela Tarr']",1478.0,The Turin Horse,88%,58.0,2012.0,,,,,,,,
964,Tabu,"['F.W. Murnau', 'Robert J. Flaherty']",,"Jan 1, 1931","

                                82 minutes
                            
",,"['Edgar G. Ulmer', 'Robert J. Flaherty', 'F.W. Murnau']",1479.0,Tabu,88%,57.0,2012.0,tt2153963,Tabu,2012.0,"Drama,Romance",7.3,5921.0,nm0326937,Miguel Gomes
966,Polisse,['Maïwenn'],,"May 18, 2012","$100,000",,"['Maïwenn', 'Emmanuelle Bercot']",1481.0,Polisse,87%,82.0,2012.0,,,,,,,,
967,Middle of Nowhere,['Ava DuVernay'],,"Oct 12, 2012","$195,246",,['Ava DuVernay'],1482.0,Middle of Nowhere,88%,48.0,2012.0,tt1211890,Middle of Nowhere,2012.0,Drama,6.4,1395.0,nm1148550,Ava DuVernay
968,Boy,['Taika Waititi'],,"Mar 2, 2012","$242,008",,['Taika Waititi'],1483.0,Boy,87%,70.0,2012.0,tt2445032,Boy,2012.0,Drama,6.4,32.0,nm1683357,Tami Ravid
969,Miss Bala,['Gerardo Naranjo'],,"Jan 20, 2012","

                                113 minutes
                            
",,"['Gerardo Naranjo', 'Mauricio Katz']",1485.0,Miss Bala,87%,69.0,2012.0,,,,,,,,
970,Starlet,['Richard Kanter'],,"Jun 1, 1969","
                        
                            Private Screenings
                        
                    ",,['David F. Friedman'],1486.0,Starlet,88%,43.0,2012.0,tt2035630,Starlet,2012.0,Drama,6.8,6178.0,nm0048918,Sean Baker
971,Rundskop,"['Michaël R. Roskam', 'Michael A. Roskam']",,"Feb 17, 2012","$73,567",,"['Michael A. Roskam', 'Michaël R. Roskam']",,,,,,,,,,,,,
972,The Impossible,['J.A. Bayona'],,"Dec 21, 2012","$18,996,755",,['Sergio G. Sánchez'],1488.0,The Impossible,81%,194.0,2012.0,tt1649419,The Impossible,2012.0,"Drama,History,Thriller",7.6,175699.0,nm1291105,J.A. Bayona
973,Sleepwalk With Me,"['Mike Birbiglia', 'Seth Barrish']",,"Aug 24, 2012","$2,263,436",,"['Mike Birbiglia', 'Ira Glass', 'Joe Birbiglia', 'Seth Barrish']",1493.0,Sleepwalk With Me,84%,114.0,2012.0,,,,,,,,
974,Magic Mike,['Steven Soderbergh'],,"Jun 29, 2012","$113,709,992",,['Reid Carolin'],1495.0,Magic Mike,80%,205.0,2012.0,tt1915581,Magic Mike,2012.0,"Comedy,Drama",6.1,123045.0,nm0001752,Steven Soderbergh
976,Declaration of War,['Valérie Donzelli'],,"Jan 27, 2012","$46,225",,"['Jérémie Elkaïm', 'Valérie Donzelli']",1498.0,Declaration of War,86%,42.0,2012.0,,,,,,,,
977,Snabba cash,['Daniel Espinosa'],,"Jul 11, 2012","$100,000",,"['Maria Karlsson', 'Hassan Loo Sattarvandi', 'Fredrik Wikström', 'Daniel Espinosa']",,,,,,,,,,,,,
978,Smashed,['James Ponsoldt'],,"Oct 12, 2012","$375,981",,"['James Ponsoldt', 'Susan Burke (VIII) ']",1501.0,Smashed,83%,105.0,2012.0,tt2063781,Smashed,2012.0,Drama,6.8,15522.0,nm1242054,James Ponsoldt
979,12 Years a Slave,['Steve McQueen (III)'],,"Oct 18, 2013","$50,628,650",,['John Ridley'],1509.0,12 Years a Slave,95%,351.0,2013.0,tt2024544,12 Years a Slave,2013.0,"Biography,Drama,History",8.1,569948.0,nm2588606,Steve McQueen
980,Her,['Spike Jonze'],,"Dec 18, 2013","$17,901,029",,['Spike Jonze'],1510.0,Her,94%,266.0,2013.0,tt1798709,Her,2013.0,"Drama,Romance,Sci-Fi",8.0,459389.0,nm0005069,Spike Jonze
981,Short Term 12,['Destin Daniel Cretton'],,"Aug 23, 2013","

                                21 minutes
                            
",,['Destin Daniel Cretton'],1512.0,Short Term 12,98%,164.0,2013.0,tt2370248,Short Term 12,2013.0,Drama,8.0,71841.0,nm2308774,Destin Daniel Cretton
982,Mud,['Jeff Nichols'],,"Apr 26, 2013","$21,589,307",,['Jeff Nichols'],1513.0,Mud,97%,177.0,2013.0,,,,,,,,
983,Captain Phillips,['Paul Greengrass'],,"Oct 11, 2013","$107,100,855",,['Billy Ray'],1514.0,Captain Phillips,93%,266.0,2013.0,tt1535109,Captain Phillips,2013.0,"Biography,Drama,Thriller",7.8,383637.0,nm0339030,Paul Greengrass
984,20 Feet From Stardom,['Morgan Neville'],,"Jun 14, 2013","

                                89 minutes
                            
",,['Morgan Neville'],1515.0,20 Feet From Stardom,99%,121.0,2013.0,,,,,,,,
985,Wadjda,['Haifaa Al-Mansour'],,"Sep 13, 2013","$1,023,558",,['Haifaa Al-Mansour'],1516.0,Wadjda,99%,115.0,2013.0,,,,,,,,
986,All Is Lost,['J.C. Chandor'],,"Oct 18, 2013","$4,300,353",,['J.C. Chandor'],1517.0,All Is Lost,94%,230.0,2013.0,tt2017038,All Is Lost,2013.0,"Action,Adventure,Drama",6.9,70221.0,nm1170855,J.C. Chandor
987,American Hustle,['David O. Russell'],,"Dec 20, 2013","$99,165,609",,"['Eric Warren Singer', 'David O. Russell']",1518.0,American Hustle,92%,277.0,2013.0,tt1800241,American Hustle,2013.0,"Crime,Drama",7.2,414922.0,nm0751102,David O. Russell
988,Inside Llewyn Davis,"['Ethan Coen', 'Joel Coen']",,"Dec 6, 2013","$9,666,762",,"['Ethan Coen', 'Joel Coen']",1520.0,Inside Llewyn Davis,92%,272.0,2013.0,tt2042568,Inside Llewyn Davis,2013.0,"Drama,Music",7.5,122410.0,"nm0001053,nm0001054",
990,Blackfish,['Gabriela Cowperthwaite'],,"Jul 19, 2013","$1,279,789",,"['Tim Zimmermann', 'Eli Despres', 'Gabriela Cowperthwaite']",1522.0,Blackfish,98%,127.0,2013.0,tt2545118,Blackfish,2013.0,"Documentary,Drama",8.1,56005.0,nm1363250,Gabriela Cowperthwaite
991,Zero Dark Thirty,['Kathryn Bigelow'],,"Jan 11, 2013","$95,720,716",,['Mark Boal'],1523.0,Zero Dark Thirty,91%,284.0,2013.0,,,,,,,,
993,Enough Said,['Nicole Holofcener'],,"Sep 18, 2013","

                                93 minutes
                            
",,['Nicole Holofcener'],1525.0,Enough Said,95%,183.0,2013.0,tt2390361,Enough Said,2013.0,"Comedy,Drama,Romance",7.0,55390.0,nm0392237,Nicole Holofcener
994,Fruitvale Station,['Ryan Coogler'],,"Jul 26, 2013","$11,010,136",,['Ryan Coogler'],1526.0,Fruitvale Station,94%,200.0,2013.0,tt2334649,Fruitvale Station,2013.0,"Biography,Drama,Romance",7.5,67579.0,nm3363032,Ryan Coogler
995,56 Up,"['Michael Apted', 'Paul Almond']",,"Jul 2, 2013","

                                139 minutes
                            
",,[],1527.0,56 Up,99%,68.0,2013.0,,,,,,,,
996,The Act Of Killing,"['Joshua Oppenheimer', 'Christine Cynn']",,"Jul 19, 2013","$281,592",,['Joshua Oppenheimer'],1529.0,The Act Of Killing,95%,149.0,2013.0,,,,,,,,
997,Nebraska,['Alexander Payne'],,"Nov 15, 2013","$11,348,612",,['Bob Nelson'],1531.0,Nebraska,90%,242.0,2013.0,tt1821549,Nebraska,2013.0,"Adventure,Comedy,Drama",7.7,104591.0,nm0668247,Alexander Payne
998,Sound City,['Dave Grohl'],,"Feb 1, 2013","$419,361",,['Mark Monroe'],1532.0,Sound City,98%,45.0,2013.0,tt2306745,Sound City,2013.0,"Documentary,Music",7.8,11372.0,nm0342970,Dave Grohl
999,Call Me Kuchu,"['Katherine Fairfax Wright', 'Malika Zouhali-Worrall']",,"Jun 14, 2013","$8,941",,"['Katherine Fairfax Wright', 'Malika Zouhali-Worrall']",1533.0,Call Me Kuchu,98%,45.0,2013.0,,,,,,,,
1000,Frozen,"['Xiaoshuai Wang', 'Wu Ming']",,"Mar 20, 1998","

                                101 minutes
                            
",,"['Xiaoshuai Wang', 'Ming Pang']",1534.0,Frozen,90%,236.0,2013.0,tt2294629,Frozen,2013.0,"Adventure,Animation,Comedy",7.5,510813.0,"nm0118333,nm1601644",
1001,Let The Fire Burn,['Jason Osder'],,"Mar 25, 2014","

                                95 minutes
                            
",,[],1535.0,Let The Fire Burn,98%,43.0,2013.0,,,,,,,,
1002,Stories We Tell,['Sarah Polley'],,"May 10, 2013","$1,599,038",,"['Sarah Polley', 'Michael Polley']",1536.0,Stories We Tell,94%,138.0,2013.0,,,,,,,,
1003,A Hijacking,['Tobias Lindholm'],,"Oct 15, 2013","

                                99 minutes
                            
",,[],1537.0,A Hijacking,95%,110.0,2013.0,,,,,,,,
1004,Muscle Shoals,"[""Greg 'Freddy' Camalier"", 'Greg Camalier']",,"Feb 25, 2014","

                                111 minutes
                            
",,[],1538.0,Muscle Shoals,96%,84.0,2013.0,tt2492916,Muscle Shoals,2013.0,"Biography,Documentary,History",7.7,3228.0,nm2310282,Greg 'Freddy' Camalier
1005,Room 237,['Rodney Ascher'],,"Sep 24, 2013","

                                102 minutes
                            
",,[],1539.0,Room 237,94%,130.0,2013.0,,,,,,,,
1006,Frances Ha,['Noah Baumbach'],,"May 17, 2013","$3,900,000",,"['Noah Baumbach', 'Greta Gerwig']",1541.0,Frances Ha,92%,175.0,2013.0,,,,,,,,
1007,Behind the Candelabra,['Steven Soderbergh'],,"May 26, 2013","$1,631,647",,['Richard LaGravenese'],1542.0,Behind the Candelabra,95%,103.0,2013.0,tt1291580,Behind the Candelabra,2013.0,"Biography,Drama,Romance",7.0,37577.0,nm0001752,Steven Soderbergh
1008,Blue Jasmine,['Woody Allen'],,"Jul 26, 2013","

                                98 minutes
                            
",,['Woody Allen'],1544.0,Blue Jasmine,90%,218.0,2013.0,tt2334873,Blue Jasmine,2013.0,Drama,7.3,177992.0,nm0000095,Woody Allen
1009,Lore,['Cate Shortland'],,"Feb 8, 2013","$657,666",,"['Robin Mukherjee', 'Cate Shortland']",1545.0,Lore,94%,114.0,2013.0,,,,,,,,
1010,The Spectacular Now,['James Ponsoldt'],,"Aug 2, 2013","

                                95 minutes
                            
",,"['Scott Neustadter', 'Michael H. Weber']",1546.0,The Spectacular Now,92%,160.0,2013.0,tt1714206,The Spectacular Now,2013.0,"Comedy,Drama,Romance",7.1,132286.0,nm1242054,James Ponsoldt
1011,The Gatekeepers,['Dror Moreh'],,"Jul 9, 2013","

                                101 minutes
                            
",,[],1548.0,The Gatekeepers,94%,110.0,2013.0,,,,,,,,
1012,Blancanieves,['Pablo Berger'],,"Mar 29, 2013","$236,394",,['Pablo Berger'],1549.0,Blancanieves,94%,107.0,2013.0,,,,,,,,
1013,I Am Divine,['Jeffrey Schwarz'],,"Apr 8, 2014","

                                90 minutes
                            
",,[],1553.0,I Am Divine,96%,51.0,2013.0,tt1356790,I Am Divine,2013.0,Documentary,7.6,1985.0,nm0777593,Jeffrey Schwarz
1014,Cutie And The Boxer,['Zachary Heinzerling'],,"Feb 4, 2014","

                                82 minutes
                            
",,[],1554.0,Cutie And The Boxer,95%,74.0,2013.0,,,,,,,,
1015,The Crash Reel,['Lucy Walker'],,"Dec 13, 2013","

                                109 minutes
                            
",,"['Pedro Kos', 'Lucy Walker']",1555.0,The Crash Reel,96%,46.0,2013.0,tt2499076,The Crash Reel,2013.0,"Biography,Documentary,Sport",8.2,4502.0,nm1013671,Lucy Walker
1016,Philomena,['Stephen Frears'],,"Nov 22, 2013","

                                98 minutes
                            
",,"['Jeff Pope', 'Steve Coogan']",1556.0,Philomena,90%,189.0,2013.0,tt2431286,Philomena,2013.0,"Biography,Comedy,Drama",7.6,88121.0,nm0001241,Stephen Frears
1017,A Touch of Sin,['Zhangke Jia'],,"Oct 4, 2013","

                                125 minutes
                            
",,['Zhangke Jia'],1558.0,A Touch of Sin,94%,80.0,2013.0,tt2852400,A Touch of Sin,2013.0,"Action,Drama",7.1,8918.0,nm0422605,Zhangke Jia
1018,Museum Hours,['Jem Cohen'],,"Jun 28, 2013","$124,184",,['Jem Cohen'],1560.0,Museum Hours,94%,67.0,2013.0,,,,,,,,
1019,Blue Is The Warmest Color,['Abdel Kechiche'],,"Oct 25, 2013","$46,024,509",,"['Abdel Kechiche', 'Ghalya Lacroix', 'Ghalia Lacroix']",1561.0,Blue Is The Warmest Color,89%,185.0,2013.0,,,,,,,,
1020,Star Trek Into Darkness,['J.J. Abrams'],,"May 16, 2013","$228,756,232",,"['Damon Lindelof', 'Alex Kurtzman', 'Roberto Orci']",1562.0,Star Trek Into Darkness,85%,279.0,2013.0,tt1408101,Star Trek Into Darkness,2013.0,"Action,Adventure,Sci-Fi",7.7,443160.0,nm0009190,J.J. Abrams
1024,The History Of Future Folk,"['J. Anderson Mitchell', 'Jeremy Kipp Walker']",,"May 31, 2013","

                                85 minutes
                            
",,['J. Anderson Mitchell'],1566.0,The History Of Future Folk,95%,40.0,2013.0,,,,,,,,
1025,The Sapphires,['Wayne Blair'],,"Mar 22, 2013","$2,400,000",,"['Keith Thompson', 'Tony Briggs']",1567.0,The Sapphires,91%,135.0,2013.0,,,,,,,,
1026,War Witch,['Kim Nguyen (IV)'],,"Mar 1, 2013","$28,620",,['Kim Nguyen (IV)'],1568.0,War Witch,94%,63.0,2013.0,,,,,,,,
1027,Still Mine,['Michael McGowan'],,"Jul 12, 2013","$1,154,466",,['Michael McGowan'],1569.0,Still Mine,94%,62.0,2013.0,,,,,,,,
1028,The Great Beauty,['Paolo Sorrentino'],,"Nov 15, 2013","

                                142 minutes
                            
",,"['Paolo Sorrentino', 'Umberto Contarello']",1570.0,The Great Beauty,91%,127.0,2013.0,tt2358891,The Great Beauty,2013.0,Drama,7.8,71413.0,nm0815204,Paolo Sorrentino
1029,Drug War,['Johnnie To'],,"Jul 26, 2013","$66,221",,"['Ka-Fai Wai', 'Nai-Hoi Yau', 'Ryker Chan', 'Yau Nai-Hoi', 'Yu Xi']",1571.0,Drug War,94%,50.0,2013.0,,,,,,,,
1030,After Tiller,"['Lana Wilson', 'Martha Shane']",,"Sep 20, 2013","$66,275",,"[""Greg O'Toole"", 'Lana Wilson', 'Martha Shane']",1573.0,After Tiller,93%,58.0,2013.0,tt2430104,After Tiller,2013.0,"Biography,Documentary,Drama",7.5,971.0,"nm2029577,nm5300836",
1031,Mother Of George,['Andrew Dosunmu'],,"Sep 13, 2013","$145,442",,['Darci Picoult'],1575.0,Mother Of George,93%,41.0,2013.0,,,,,,,,
1032,Beyond The Hills,['Cristian Mungiu'],,"Mar 8, 2013","

                                155 minutes
                            
",,['Cristian Mungiu'],1577.0,Beyond The Hills,90%,103.0,2013.0,,,,,,,,
1033,Caesar Must Die,"['Paolo Taviani', 'Vittorio Taviani']",,"Feb 6, 2013","

                                76 minutes
                            
",,['Fabio Cavalli'],1578.0,Caesar Must Die,92%,50.0,2013.0,,,,,,,,
1034,The Conjuring,['James Wan'],,"Jul 19, 2013","$137,387,272",,"['Carey Hayes', 'Chad Hayes']",1579.0,The Conjuring,85%,216.0,2013.0,tt1457767,The Conjuring,2013.0,"Horror,Mystery,Thriller",7.5,389820.0,nm1490123,James Wan
1035,Gimme The Loot,['Adam Leon'],,"Mar 22, 2013","$97,768",,['Adam Leon'],1580.0,Gimme The Loot,91%,67.0,2013.0,,,,,,,,
1036,The Punk Singer,['Sini Anderson'],,"Mar 25, 2014","

                                80 minutes
                            
",,[],1581.0,The Punk Singer,91%,64.0,2013.0,tt1785612,The Punk Singer,2013.0,"Biography,Documentary,Music",7.4,2485.0,nm2481948,Sini Anderson
1037,Iron Man 3,['Shane Black'],,"May 3, 2013","$408,992,272",,"['Drew Pearce', 'Shane Black']",1584.0,Iron Man 3,80%,310.0,2013.0,tt1300854,Iron Man 3,2013.0,"Action,Adventure,Sci-Fi",7.2,675123.0,nm0000948,Shane Black
1041,Inequality For All,['Jacob Kornbluth'],,"Jan 7, 2014","

                                85 minutes
                            
",,[],1589.0,Inequality For All,90%,61.0,2013.0,,,,,,,,
1042,This Is the End,"['Seth Rogen', 'Evan Goldberg']",,"Jun 12, 2013","$96,200,000",,"['Seth Rogen', 'Evan Goldberg']",1590.0,This Is the End,83%,222.0,2013.0,tt1245492,This Is the End,2013.0,"Comedy,Fantasy",6.6,357306.0,"nm1698571,nm0736622",
1043,My Brother The Devil,['Sally El Hosaini'],,"Mar 22, 2013","$10,305",,['Sally El Hosaini'],1591.0,My Brother The Devil,90%,49.0,2013.0,,,,,,,,
1044,Fill the Void,['Rama Burshtein'],,"May 24, 2013","$1,130,272",,['Rama Burshtein'],1592.0,Fill the Void,89%,72.0,2013.0,,,,,,,,
1045,Upstream Color,['Shane Carruth'],,"Apr 5, 2013","$415,067",,['Shane Carruth'],1593.0,Upstream Color,86%,143.0,2013.0,tt2084989,Upstream Color,2013.0,"Drama,Sci-Fi",6.7,28214.0,nm1503403,Shane Carruth
1046,In the House,['François Ozon'],,"Apr 19, 2013","

                                105 minutes
                            
",,['François Ozon'],1596.0,In the House,88%,84.0,2013.0,,,,,,,,
1047,The Way Way Back,"['Jim Rash', 'Nat Faxon']",,"Jul 5, 2013","$21,501,098",,"['Jim Rash', 'Nat Faxon']",1597.0,The Way Way Back,84%,179.0,2013.0,tt1727388,The Way Way Back,2013.0,"Comedy,Drama",7.4,131666.0,"nm0269542,nm0711110",
1048,Side Effects,['Kathleen Slattery-Moschkau'],,"Sep 9, 2005","

                                90 minutes
                            
",,['Kathleen Slattery-Moschkau'],1598.0,Side Effects,82%,217.0,2013.0,tt2053463,Side Effects,2013.0,"Crime,Drama,Mystery",7.1,167413.0,nm0001752,Steven Soderbergh
1051,Narco Cultura,['Shaul Schwarz'],,"Feb 25, 2014","

                                103 minutes
                            
",,[],1602.0,Narco Cultura,89%,44.0,2013.0,tt2504022,Narco Cultura,2013.0,Documentary,7.2,2304.0,nm5356362,Shaul Schwarz
1052,Yossi,['Eytan Fox'],,"Jan 25, 2013","$77,149",,['Itay Segal'],1603.0,Yossi,89%,44.0,2013.0,,,,,,,,
1053,What Maisie Knew,"['David Siegel', 'Scott McGehee']",,"May 3, 2013","$1,000,000",,"['Nancy Doyne', 'Carroll Cartwright']",1604.0,What Maisie Knew,86%,107.0,2013.0,,,,,,,,
1054,Computer Chess,['Andrew Bujalski'],,"Jul 17, 2013","$101,218",,['Andrew Bujalski'],1605.0,Computer Chess,87%,78.0,2013.0,tt2007360,Computer Chess,2013.0,Comedy,6.3,4024.0,nm1216004,Andrew Bujalski
1055,Hannah Arendt,['Margarethe von Trotta'],,"May 29, 2013","$411,530",,"['Margarethe von Trotta', 'Pamela Katz']",1606.0,Hannah Arendt,87%,71.0,2013.0,,,,,,,,
1056,We Are What We Are,"['Jorge Michel Grau', 'Jorge Grau']",,"Feb 18, 2011","

                                90 minutes
                            
",,"['Jorge Grau', 'Jorge Michel Grau']",1607.0,We Are What We Are,86%,88.0,2013.0,tt2309021,We Are What We Are,2013.0,"Drama,Horror,Thriller",5.9,18239.0,nm0585344,Jim Mickle
1057,Sightseers,['Ben Wheatley'],,"May 10, 2013","$26,183",,"['Alice Lowe', 'Steve Oram', 'Amy Jump']",1611.0,Sightseers,85%,105.0,2013.0,,,,,,,,
1058,Warm Bodies,['Jonathan Levine'],,"Feb 1, 2013","$65,000,000",,['Jonathan Levine'],1612.0,Warm Bodies,81%,197.0,2013.0,tt1588173,Warm Bodies,2013.0,"Comedy,Horror,Romance",6.9,207325.0,nm1349522,Jonathan Levine
1059,At Berkeley,['Frederick Wiseman'],,"Jul 28, 2014","

                                244 minutes
                            
",,[],1613.0,At Berkeley,87%,53.0,2013.0,tt3091552,At Berkeley,2013.0,Documentary,7.3,493.0,nm0936464,Frederick Wiseman
1060,Berberian Sound Studio,['Peter Strickland'],,"Jun 14, 2013","$28,602",,['Peter Strickland'],1614.0,Berberian Sound Studio,85%,98.0,2013.0,,,,,,,,
1061,From Up On Poppy Hill,['Goro Miyazaki'],,"Mar 15, 2013","$696,519",,"['Hayao Miyazaki', 'Keiko Niwa']",1616.0,From Up On Poppy Hill,85%,87.0,2013.0,,,,,,,,
1062,The Patience Stone,['Atiq Rahimi'],,"Aug 14, 2013","$71,282",,"['Atiq Rahimi', 'Jean-Claude Carriere']",1618.0,The Patience Stone,86%,57.0,2013.0,,,,,,,,
1063,The Place Beyond The Pines,['Derek Cianfrance'],,"Mar 29, 2013","$21,300,000",,"['Derek Cianfrance', 'Ben Coccio', 'Darius Marder']",1619.0,The Place Beyond The Pines,79%,214.0,2013.0,,,,,,,,
1064,Boyhood,['Richard Linklater'],,"Jul 11, 2014","$18,859,617",,['Richard Linklater'],1620.0,Boyhood,97%,304.0,2014.0,tt1065073,Boyhood,2014.0,Drama,7.9,313373.0,nm0000500,Richard Linklater
1067,The Babadook,['Jennifer Kent'],,"Nov 28, 2014","

                                94 minutes
                            
",,['Jennifer Kent'],1623.0,The Babadook,98%,228.0,2014.0,tt2321549,The Babadook,2014.0,"Drama,Horror",6.8,168216.0,nm0448768,Jennifer Kent
1068,Nightcrawler,['Dan Gilroy'],,"Oct 31, 2014","

                                117 minutes
                            
",,['Dan Gilroy'],1624.0,Nightcrawler,95%,255.0,2014.0,tt2872718,Nightcrawler,2014.0,"Crime,Drama,Thriller",7.9,398259.0,nm0319659,Dan Gilroy
1069,The LEGO Movie,"['Phil Lord', 'Christopher Miller', 'Chris McKay']",,"Feb 7, 2014","$244,870,202",,"['Dan Hageman', 'Roy Lee', 'Christopher Miller', 'Phil Lord']",1625.0,The LEGO Movie,95%,243.0,2014.0,,,,,,,,
1070,Life Itself,['Steve James (II)'],,"Feb 17, 2015","

                                120 minutes
                            
",,[],1626.0,Life Itself,97%,196.0,2014.0,tt2382298,Life Itself,2014.0,"Biography,Documentary",7.8,13981.0,nm0416945,Steve James
1071,Snowpiercer,['Bong Joon Ho'],,"Jun 27, 2014","$2,786,828",,"['Bong Joon Ho', 'Kelly Masterson']",1631.0,Snowpiercer,95%,237.0,2014.0,,,,,,,,
1072,Guardians of the Galaxy,['James Gunn (II)'],,"Aug 1, 2014","$270,592,504",,"['Nicole Perlman', 'James Gunn (II)']",1636.0,Guardians of the Galaxy,91%,312.0,2014.0,tt2015381,Guardians of the Galaxy,2014.0,"Action,Adventure,Comedy",8.1,920896.0,nm0348181,James Gunn
1077,Leviathan,['George P. Cosmatos'],,"Mar 17, 1989","

                                140 minutes
                            
",,['Jeb Stuart'],1641.0,Leviathan,98%,141.0,2014.0,tt2802154,Leviathan,2014.0,"Crime,Drama",7.6,42664.0,nm1168657,Andrey Zvyagintsev
1078,Starred Up,['David Mackenzie'],,"Aug 27, 2014","

                                106 minutes
                            
",,"['Jonathan Asser', 'Jonathan Asser']",1642.0,Starred Up,99%,111.0,2014.0,,,,,,,,
1079,The Tale of the Princess Kaguya,['Isao Takahata'],,"Oct 17, 2014","$408,718",,"['Isao Takahata', 'Riko Sakaguchi']",1643.0,The Tale of the Princess Kaguya,100%,86.0,2014.0,,,,,,,,
1080,The Grand Budapest Hotel,['Wes Anderson'],,"Mar 7, 2014","$56,939,515",,"['Hugo Guinness', 'Wes Anderson']",1644.0,The Grand Budapest Hotel,91%,290.0,2014.0,tt2278388,The Grand Budapest Hotel,2014.0,"Adventure,Comedy,Crime",8.1,625206.0,nm0027572,Wes Anderson
1081,Dawn Of The Planet Of The Apes,['Matt Reeves'],,"Jul 11, 2014","$183,278,877",,"['Rick Jaffa', 'Amanda Silver', 'Mark Bomback']",1649.0,Dawn Of The Planet Of The Apes,90%,300.0,2014.0,,,,,,,,
1082,The Missing Picture,['Rithy Panh'],,"Mar 19, 2014","$31,087",,"['Rithy Panh', 'Christophe Bataille']",1651.0,The Missing Picture,99%,88.0,2014.0,,,,,,,,
1083,Ida,['Christian E. Christiansen'],,"May 6, 2013","
                        
                            Unknown
                        
                    ",,['Tine Krull Petersen'],1652.0,Ida,96%,157.0,2014.0,,,,,,,,
1084,Citizenfour,['Laura Poitras'],,"Aug 25, 2015","
Radius-TWC
",,[],1657.0,Citizenfour,96%,144.0,2014.0,tt4044364,Citizenfour,2014.0,"Biography,Documentary,Thriller",8.1,47491.0,nm0688636,Laura Poitras
1085,The Overnighters,['Jesse Moss'],,"Oct 10, 2014","$100,022",,['Jesse Moss'],1658.0,The Overnighters,99%,69.0,2014.0,tt3263996,The Overnighters,2014.0,"Documentary,Drama",7.5,2204.0,nm0608999,Jesse Moss
1086,Blue Ruin,['Jeremy Saulnier'],,"Apr 25, 2014","

                                90 minutes
                            
",,['Jeremy Saulnier'],1660.0,Blue Ruin,96%,137.0,2014.0,,,,,,,,
1087,Ilo Ilo,['Anthony Chen'],,"Apr 4, 2014","

                                99 minutes
                            
",,['Anthony Chen'],1661.0,Ilo Ilo,100%,43.0,2014.0,,,,,,,,
1088,Gone Girl,['David Fincher'],,"Oct 3, 2014","

                                145 minutes
                            
",,['Gillian Flynn'],1662.0,Gone Girl,87%,341.0,2014.0,tt2267998,Gone Girl,2014.0,"Drama,Mystery,Thriller",8.1,750533.0,nm0000399,David Fincher
1091,The Imitation Game,['Morten Tyldum'],,"Nov 28, 2014","

                                114 minutes
                            
",,['Graham Moore'],1666.0,The Imitation Game,90%,270.0,2014.0,tt2084970,The Imitation Game,2014.0,"Biography,Drama,Thriller",8.0,611244.0,nm0878763,Morten Tyldum
1092,Love Is Strange,['Annette Haywood-Carter'],,"Oct 24, 2006","
                        
                            Hearst Entertainment & Syndication
                        
                    ",,"['Annette Haywood-Carter', 'Ken Carter']",1667.0,Love Is Strange,94%,172.0,2014.0,tt2639344,Love Is Strange,2014.0,"Drama,Romance",6.7,11405.0,nm0755158,Ira Sachs
1093,A Girl Walks Home Alone at Night,['Ana Lily Amirpour'],,"Nov 21, 2014","

                                104 minutes
                            
",,['Ana Lily Amirpour'],1668.0,A Girl Walks Home Alone at Night,96%,125.0,2014.0,tt2326554,A Girl Walks Home Alone at Night,2014.0,"Drama,Horror",7.0,26182.0,nm3235877,Ana Lily Amirpour
1094,The Lunchbox,['Ritesh Batra'],,"Feb 28, 2014","$4,231,500",,['Ritesh Batra'],1670.0,The Lunchbox,96%,108.0,2014.0,,,,,,,,
1095,How to Train Your Dragon 2,['Dean DeBlois'],,"Jun 13, 2014","$147,065,544",,['Dean DeBlois'],1675.0,How to Train Your Dragon 2,92%,178.0,2014.0,tt1646971,How to Train Your Dragon 2,2014.0,"Action,Adventure,Animation",7.8,271990.0,nm0213450,Dean DeBlois
1098,The Rocket,['Kim Mordaunt'],,"Jan 10, 2014","

                                96 minutes
                            
",,['Kim Mordaunt'],1678.0,The Rocket,97%,60.0,2014.0,,,,,,,,
1099,Finding Vivian Maier,"['Charlie Siskel', 'John Maloof']",,"Mar 21, 2014","

                                84 minutes
                            
",,"['Charlie Siskel', 'John Maloof']",1681.0,Finding Vivian Maier,95%,96.0,2014.0,,,,,,,,
1100,Locke,['Steven Knight'],,"Apr 25, 2014","$1,326,469",,['Steven Knight'],1685.0,Locke,90%,205.0,2014.0,tt3645852,Locke,2014.0,"Documentary,Talk-Show",7.1,35.0,nm0843254,Ron Sylvester
1101,Big Hero 6,"['Chris Williams (IX) ', 'Don Hall']",,"Nov 7, 2014","

                                93 minutes
                            
",,"['Jordan Roberts', 'Daniel Gerson']",1687.0,Big Hero 6,89%,216.0,2014.0,tt2245084,Big Hero 6,2014.0,"Action,Adventure,Animation",7.8,364559.0,"nm0930261,nm2320658",
1103,Particle Fever,['Mark Levinson'],,"Oct 6, 2015","

                                99 minutes
                            
",,[],1689.0,Particle Fever,96%,48.0,2014.0,,,,,,,,
1104,Manakamana,"['Stephanie Spray', 'Pacho Velez']",,"Aug 18, 2014","
Cinema Guild
",,[],1690.0,Manakamana,96%,48.0,2014.0,,,,,,,,
1105,The Last of the Unjust,['Claude Lanzmann'],,"Feb 7, 2014","

                                220 minutes
                            
",,['Claude Lanzmann'],1691.0,The Last of the Unjust,96%,47.0,2014.0,,,,,,,,
1106,Obvious Child,['Gillian Robespierre'],,"Jun 6, 2014","

                                83 minutes
                            
",,['Gillian Robespierre'],1692.0,Obvious Child,91%,158.0,2014.0,tt2910274,Obvious Child,2014.0,"Comedy,Drama,Romance",6.8,21250.0,nm3521871,Gillian Robespierre
1107,National Gallery,['Frederick Wiseman'],,"Aug 31, 2015","
Zipporah
",,[],1693.0,National Gallery,95%,64.0,2014.0,tt3720794,National Gallery,2014.0,Documentary,7.3,1152.0,nm0936464,Frederick Wiseman
1108,Last Days in Vietnam,['Rory Kennedy'],,"Sep 5, 2014","$408,651",,"['Keven McAlester', 'Mark Bailey']",1694.0,Last Days in Vietnam,95%,62.0,2014.0,tt3279124,Last Days in Vietnam,2014.0,"Documentary,History,War",7.6,3460.0,nm0448311,Rory Kennedy
1109,The Drop,['Michaël R. Roskam'],,"Sep 12, 2014","$8,709,169",,['Dennis Lehane'],1695.0,The Drop,89%,193.0,2014.0,tt1600196,The Drop,2014.0,"Crime,Drama",7.1,131045.0,nm1742427,Michaël R. Roskam
1111,Foxcatcher,['Bennett Miller'],,"Nov 14, 2014","$9,744,477",,"['Dan Futterman', 'E. Max Frye']",1697.0,Foxcatcher,87%,239.0,2014.0,tt1100089,Foxcatcher,2014.0,"Biography,Drama,Sport",7.0,125153.0,nm0587955,Bennett Miller
1112,Pride,['Sunu Gonera'],,"Mar 14, 2007","$7,036,608",,"['Kevin Michael Smith', 'Michael Gozzard', 'J. Mills Goodloe', 'Norman Vance, Jr.', 'Mike Gozzard']",1698.0,Pride,91%,142.0,2014.0,tt3169706,Pride,2014.0,"Biography,Comedy,Drama",7.8,46084.0,nm0911334,Matthew Warchus
1115,Stranger by the Lake,['Alain Guiraudie'],,"Jan 24, 2014","

                                97 minutes
                            
",,"['Alain Guiraudie', 'Julie Darfeuil']",1702.0,Stranger by the Lake,93%,92.0,2014.0,,,,,,,,
1116,Dear White People,['Justin Simien'],,"Oct 17, 2014","

                                108 minutes
                            
",,['Justin Simien'],1703.0,Dear White People,91%,129.0,2014.0,tt2235108,Dear White People,2014.0,"Comedy,Drama,Romance",6.1,23133.0,nm2282177,Justin Simien
1117,The Normal Heart,['Ryan Murphy'],,"Aug 26, 2014","
HBO Films
",,['Larry Kramer'],1704.0,The Normal Heart,94%,50.0,2014.0,tt1684226,The Normal Heart,2014.0,"Drama,History,Romance",7.9,30868.0,nm0614682,Ryan Murphy
1118,John Wick,"['David Leitch', 'Chad Stahelski']",,"Oct 24, 2014","

                                96 minutes
                            
",,"['Joel Zadak', 'Derek Kolstad']",1711.0,John Wick,87%,204.0,2014.0,tt2911666,John Wick,2014.0,"Action,Crime,Thriller",7.3,423261.0,"nm0500610,nm0821432",
1120,The Dance of Reality,['Alejandro Jodorowsky'],,"May 23, 2014","
ABKCO Films
",,['Alejandro Jodorowsky'],1713.0,The Dance of Reality,93%,60.0,2014.0,,,,,,,,
1121,The Wind Rises,['Hayao Miyazaki'],,"Feb 21, 2014","

                                126 minutes
                            
",,['Hayao Miyazaki'],1716.0,The Wind Rises,88%,173.0,2014.0,tt5306626,The Wind Rises,2014.0,Documentary,5.8,8.0,nm3766090,Doug Walker
1122,Le Week-End,['Roger Michell'],,"Mar 14, 2014","
Music Box Films
",,['Hanif Kureishi'],1719.0,Le Week-End,88%,153.0,2014.0,,,,,,,,
1123,Mistaken for Strangers,['Tom Berninger'],,"Mar 28, 2014","

                                75 minutes
                            
",,['Tom Berninger'],1720.0,Mistaken for Strangers,92%,59.0,2014.0,,,,,,,,
1124,A Most Wanted Man,['Anton Corbijn'],,"Jul 25, 2014","$14,037,964",,['Andrew Bovell'],1721.0,A Most Wanted Man,86%,191.0,2014.0,tt1972571,A Most Wanted Man,2014.0,"Crime,Drama,Thriller",6.8,67316.0,nm0179221,Anton Corbijn
1125,Under the Skin,['Carine Adler'],,"May 22, 1998","

                                81 minutes
                            
",,['Carine Adler'],1724.0,Under the Skin,84%,232.0,2014.0,tt4799038,Under the Skin,2014.0,"Documentary,News,War",7.6,5.0,"nm4912430,nm2391713",
1126,Top Five,['Chris Rock'],,"Dec 12, 2014","$17,002,433",,['Chris Rock'],1725.0,Top Five,86%,181.0,2014.0,tt2784678,Top Five,2014.0,"Comedy,Romance",6.4,24618.0,nm0001674,Chris Rock
1127,Disneynature Bears,"['Alastair Fothergill', 'Keith Scholey', 'Adam Chapman']",,"Aug 12, 2014","

                                78 minutes
                            
",,[],1726.0,Disneynature Bears,91%,56.0,2014.0,,,,,,,,
1128,22 Jump Street,"['Phil Lord', 'Christopher Miller']",,"Jun 13, 2014","$154,295,930",,"['Michael Bacall', 'Oren Uziel', 'Rodney Rothman']",1728.0,22 Jump Street,84%,215.0,2014.0,tt2294449,22 Jump Street,2014.0,"Action,Comedy,Crime",7.0,315806.0,"nm0588087,nm0520488",
1130,Only Lovers Left Alive,['Jim Jarmusch'],,"Apr 11, 2014","

                                122 minutes
                            
",,['Jim Jarmusch'],1730.0,Only Lovers Left Alive,85%,188.0,2014.0,,,,,,,,
1131,To Be Takei,"['Jennifer M. Kroot', 'Bill Weber']",,"Aug 22, 2014","$51,481",,['Jennifer M. Kroot'],1731.0,To Be Takei,91%,47.0,2014.0,tt2174896,To Be Takei,2014.0,"Biography,Documentary",6.9,1408.0,nm1464376,Jennifer M. Kroot
1132,Art and Craft,"['Sam Cullman', 'Jennifer Grausman']",,"Jan 26, 2015","

                                89 minutes
                            
",,[],1732.0,Art and Craft,91%,46.0,2014.0,tt3654964,Art and Craft,2014.0,Documentary,7.1,1287.0,"nm2014414,nm1639506,nm0065521",
1133,Venus in Fur,['Roman Polanski'],,"Jun 20, 2014","$153,625",,"['David Ives', 'Roman Polanski']",1733.0,Venus in Fur,88%,111.0,2014.0,,,,,,,,
1134,The Skeleton Twins,['Craig Johnson'],,"Sep 12, 2014","

                                93 minutes
                            
",,"['Mark Heyman', 'Craig Johnson']",1734.0,The Skeleton Twins,86%,155.0,2014.0,tt1571249,The Skeleton Twins,2014.0,"Comedy,Drama,Romance",6.8,36457.0,nm2574897,Craig Johnson
1135,Omar,['Hany Abu-Assad'],,"Feb 21, 2014","

                                96 minutes
                            
",,['Hany Abu-Assad'],1735.0,Omar,89%,84.0,2014.0,,,,,,,,
1136,Night Moves,['Arthur Penn'],,"Jul 12, 2005","
                        
                            WARNER BROTHERS PICTURES
                        
                    ",,['Alan Sharp'],1737.0,Night Moves,86%,145.0,2014.0,,,,,,,,
1137,Cheap Thrills,['E.L. Katz'],,"Mar 21, 2014","

                                85 minutes
                            
",,"['David Chirchirillo', 'Trent Haaga']",1740.0,Cheap Thrills,88%,95.0,2014.0,,,,,,,,
1138,A Field in England,['Ben Wheatley'],,"Feb 7, 2014","$30,716",,"['Ben Wheatley', 'Amy Jump']",1741.0,A Field in England,89%,70.0,2014.0,,,,,,,,
1139,The Kill Team,['Dan Krauss'],,"Jul 25, 2014","

                                79 minutes
                            
",,"['Dan Krauss', 'Linda Davis', 'Lawrence Lerew']",1742.0,The Kill Team,90%,42.0,2014.0,,,,,,,,
1140,Closed Curtain,"['Kambuzia Partovi', 'Kambozia Partovi', 'Jafar Panahi']",,"Jul 9, 2014","
                        
                            Variance Films
                        
                    ",,['Jafar Panahi'],1743.0,Closed Curtain,90%,41.0,2014.0,,,,,,,,
1141,Siddharth,['Richie Mehta'],,"Jun 27, 2014","

                                96 minutes
                            
",,['Richie Mehta'],1744.0,Siddharth,90%,40.0,2014.0,,,,,,,,
1142,Alan Partridge,['Declan Lowney'],,"Apr 4, 2014","$153,146",,"['Armando Iannucci', 'Rob Gibbons', 'Peter Baynham', 'Steve Coogan', 'Neil Gibbons']",1746.0,Alan Partridge,87%,105.0,2014.0,,,,,,,,
1143,Adieu au langage,['Jean-Luc Godard'],,"Oct 29, 2014","

                                70 minutes
                            
",,['Jean-Luc Godard'],,,,,,,,,,,,,
1144,The Good Lie,"['Philippe Falardeau', 'Shawn Linden']",,"Oct 3, 2014","

                                110 minutes
                            
",,"['Margaret Nagle', 'Shawn Linden']",1749.0,The Good Lie,87%,86.0,2014.0,tt2652092,The Good Lie,2014.0,"Biography,Drama",7.4,24926.0,nm0265852,Philippe Falardeau
1145,Inside Out,['David Ogden'],,"Jun 13, 2005","

                                93 minutes
                            
",,['David Ogden'],1754.0,Inside Out,98%,350.0,2015.0,tt2096673,Inside Out,2015.0,"Adventure,Animation,Comedy",8.2,525864.0,"nm0215455,nm0230032",
1148,Selma,['Ava DuVernay'],,"Jan 9, 2015","

                                127 minutes
                            
",,['Paul Webb'],1760.0,Selma,99%,294.0,2015.0,,,,,,,,
1149,Brooklyn,['John Crowley'],,"Nov 4, 2015","$30,459,009",,['Nick Hornby'],1763.0,Brooklyn,97%,260.0,2015.0,tt2381111,Brooklyn,2015.0,"Drama,Romance",7.5,115600.0,nm1259871,John Crowley
1151,Creed,['Ryan Coogler'],,"Nov 25, 2015","$81,157,671",,"['Ryan Coogler', 'Aaron Covington']",1765.0,Creed,95%,289.0,2015.0,tt3076658,Creed,2015.0,"Drama,Sport",7.6,220211.0,nm3363032,Ryan Coogler
1152,It Follows,['David Robert Mitchell'],,"Apr 3, 2015","$10,705,259",,['David Robert Mitchell'],1766.0,It Follows,96%,244.0,2015.0,tt5087146,It Follows,2015.0,Documentary,7.2,12.0,nm3005544,James Rolfe
1153,Carol,['Todd Haynes'],,"Nov 20, 2015","$8,518,148",,['Phyllis Nagy'],1767.0,Carol,94%,290.0,2015.0,tt2402927,Carol,2015.0,"Drama,Romance",7.2,99033.0,nm0001331,Todd Haynes
1154,Shaun the Sheep Movie,"['Mark Burton', 'Richard Starzak']",,"Aug 5, 2015","

                                84 minutes
                            
",,"['Mark Burton', 'Richard Starzak']",1768.0,Shaun the Sheep Movie,99%,163.0,2015.0,tt2872750,Shaun the Sheep Movie,2015.0,"Adventure,Animation,Comedy",7.4,32450.0,"nm0326450,nm0123666",
1155,The Martian,['Ridley Scott'],,"Oct 2, 2015","$202,313,768",,['Drew Goddard'],1770.0,The Martian,91%,352.0,2015.0,tt3659388,The Martian,2015.0,"Adventure,Drama,Sci-Fi",8.0,668112.0,nm0000631,Ridley Scott
1156,Room,['Tommy Wiseau'],,"Jun 27, 2003","

                                84 minutes
                            
",,['Tommy Wiseau'],1771.0,Room,93%,295.0,2015.0,tt3170832,Room,2015.0,"Drama,Thriller",8.2,309236.0,nm1049433,Lenny Abrahamson
1157,45 Years,['Andrew Haigh'],,"Dec 23, 2015","$3,489,919",,['Andrew Haigh'],1772.0,45 Years,97%,194.0,2015.0,tt3544082,45 Years,2015.0,"Drama,Romance",7.1,27611.0,nm0354091,Andrew Haigh
1158,Son of Saul,['László Nemes'],,"Dec 18, 2015","

                                107 minutes
                            
",,['Clara Royer'],1775.0,Son of Saul,95%,220.0,2015.0,tt3808342,Son of Saul,2015.0,"Drama,War",7.5,38606.0,nm1841577,László Nemes
1159,Amy,['Vincent McEveety'],,"Mar 18, 1997","
                        
                            Walt Disney Productions
                        
                    ",,['Noreen Stone'],1776.0,Amy,95%,211.0,2015.0,tt2870648,Amy,2015.0,"Biography,Documentary,Music",7.8,43313.0,nm0438090,Asif Kapadia
1161,What We Do In The Shadows,"['Taika Waititi', 'Jemaine Clement']",,"Feb 13, 2015","

                                86 minutes
                            
",,"['Jemaine Clement', 'Taika Waititi']",1779.0,What We Do In The Shadows,96%,172.0,2015.0,,,,,,,,
1162,Bridge of Spies,['Steven Spielberg'],,"Oct 16, 2015","

                                135 minutes
                            
",,"['Matt Charman', 'Ethan Coen', 'Joel Coen', 'Matthew Charman']",1783.0,Bridge of Spies,91%,287.0,2015.0,tt3682448,Bridge of Spies,2015.0,"Drama,History,Thriller",7.6,260073.0,nm0000229,Steven Spielberg
1163,Anomalisa,"['Charlie Kaufman', 'Duke Johnson']",,"Dec 30, 2015","

                                96 minutes
                            
",,['Charlie Kaufman'],1787.0,Anomalisa,92%,256.0,2015.0,tt2401878,Anomalisa,2015.0,"Animation,Comedy,Drama",7.3,57159.0,"nm2122478,nm0442109",
1164,Ex Machina,['Alex Garland'],,"Apr 24, 2015","$19,012,798",,['Alex Garland'],1788.0,Ex Machina,92%,255.0,2015.0,tt4601270,Ex Machina,2015.0,"Documentary,Talk-Show",7.5,127.0,nm0843254,Ron Sylvester
1167,About Elly,['Asghar Farhadi'],,"Apr 8, 2015","$54,665",,['Asghar Farhadi'],1792.0,About Elly,99%,70.0,2015.0,,,,,,,,
1168,The Look of Silence,['Joshua Oppenheimer'],,"Jul 17, 2015","$48,097",,['Joshua Oppenheimer'],1794.0,The Look of Silence,96%,130.0,2015.0,,,,,,,,
1169,Wild Tales,['Damián Szifron'],,"Feb 20, 2015","

                                122 minutes
                            
",,['Damián Szifron'],1795.0,Wild Tales,95%,149.0,2015.0,,,,,,,,
1170,The Big Short,['Adam McKay'],,"Dec 23, 2015","

                                130 minutes
                            
",,"['Adam McKay', 'Charles Randolph']",1796.0,The Big Short,88%,310.0,2015.0,tt1596363,The Big Short,2015.0,"Biography,Comedy,Drama",7.8,303837.0,nm0570912,Adam McKay
1171,The Diary Of A Teenage Girl,['Marielle Heller'],,"Aug 7, 2015","

                                102 minutes
                            
",,"['Phoebe Gloeckner', 'Marielle Heller']",1799.0,The Diary Of A Teenage Girl,94%,156.0,2015.0,,,,,,,,
1172,Ingrid Bergman in Her Own Words,"['Stig Björkman', 'Stig Bjorkman']",,"Nov 13, 2015","

                                114 minutes
                            
",,"['Stig Björkman', 'Dominika Daubenbüchel', 'Stina Gardell']",,,,,,,,,,,,,
1173,Court,['Chaitanya Tamhane'],,"Jul 15, 2015","

                                116 minutes
                            
",,['Chaitanya Tamhane'],1801.0,Court,98%,51.0,2015.0,,,,,,,,
1174,Listen To Me Marlon,['Stevan Riley'],,"Jul 29, 2015","

                                102 minutes
                            
",,"['Stevan Riley', 'Peter Ettedgui']",1802.0,Listen To Me Marlon,96%,99.0,2015.0,,,,,,,,
1175,Theeb,['Naji Abu Nowar'],,"Nov 6, 2015","$128,430",,"['Naji Abu Nowar', 'Bassel Ghandour']",1805.0,Theeb,97%,70.0,2015.0,,,,,,,,
1176,Welcome To Leith,"['Christopher K. Walker', 'Michael Beach Nichols']",,"Sep 9, 2015","

                                85 minutes
                            
",,"['Christopher K. Walker', 'Michael Beach Nichols']",1806.0,Welcome To Leith,98%,43.0,2015.0,,,,,,,,
1177,The Second Mother,['Anna Muylaert'],,"Aug 28, 2015","

                                114 minutes
                            
",,['Anna Muylaert'],,,,,,,,,,,,,
1178,Girlhood,['Liz Garbus'],,"May 18, 2004","
Wellspring Media
",,[],1814.0,Girlhood,96%,76.0,2015.0,,,,,,,,
1179,Heart of a Dog,['Laurie Anderson'],,"Oct 21, 2015","

                                75 minutes
                            
",,['Laurie Anderson'],1818.0,Heart of a Dog,95%,88.0,2015.0,tt4935446,Heart of a Dog,2015.0,Documentary,7.1,1822.0,nm0002173,Laurie Anderson
1180,Appropriate Behavior,['Desiree Akhavan'],,"Jan 16, 2015","

                                90 minutes
                            
",,['Desiree Akhavan'],1820.0,Appropriate Behavior,96%,56.0,2015.0,,,,,,,,
1181,Steve Jobs,"['Jonathan Challis', 'Susan Crook', 'John Coffey', 'Ian Lynch']",,"Oct 22, 2012","

                                70 minutes
                            
",,[],1821.0,Steve Jobs,86%,294.0,2015.0,tt2080374,Steve Jobs,2015.0,"Biography,Drama",7.2,137187.0,nm0000965,Danny Boyle
1182,99 Homes,['Ramin Bahrani'],,"Sep 25, 2015","

                                112 minutes
                            
",,"['Ramin Bahrani', 'Amir Naderi']",1823.0,99 Homes,92%,146.0,2015.0,,,,,,,,
1183,The Duke Of Burgundy,['Peter Strickland'],,"Jan 23, 2015","

                                106 minutes
                            
",,['Peter Strickland'],1825.0,The Duke Of Burgundy,94%,95.0,2015.0,,,,,,,,
1184,A Most Violent Year,['J.C. Chandor'],,"Jan 30, 2015","

                                125 minutes
                            
",,['J.C. Chandor'],1826.0,A Most Violent Year,89%,215.0,2015.0,,,,,,,,
1185,The Wonders,['Avi Nesher'],,"Mar 18, 2014","

                                88 minutes
                            
",,"['Avi Nesher', 'Shaanan Street']",1827.0,The Wonders,95%,65.0,2015.0,,,,,,,,
1186,The Salt of the Earth,"['Wim Wenders', 'Juliano Ribeiro Salgado']",,"Mar 27, 2015","$744,582",,"['Wim Wenders', 'Juliano Ribeiro Salgado', 'David Rosier']",1828.0,The Salt of the Earth,94%,89.0,2015.0,tt3985338,The Salt of the Earth,2015.0,"Drama,Horror,Short",7.3,15.0,nm4409981,Jonathan Desoindre
1187,Straight Outta Compton,['F. Gary Gray'],,"Aug 14, 2015","$129,402,415",,"['Jonathan Herman', 'Andrea Berloff']",1830.0,Straight Outta Compton,88%,231.0,2015.0,tt1398426,Straight Outta Compton,2015.0,"Biography,Drama,History",7.9,163596.0,nm0336620,F. Gary Gray
1188,Beasts of No Nation,['Cary Joji Fukunaga'],,"Oct 16, 2015","

                                120 minutes
                            
",,['Cary Joji Fukunaga'],1831.0,Beasts of No Nation,92%,133.0,2015.0,tt1365050,Beasts of No Nation,2015.0,"Drama,War",7.8,62723.0,nm1560977,Cary Joji Fukunaga
1189,Slow West,['John M. Maclean'],,"May 15, 2015","

                                84 minutes
                            
",,['John M. Maclean'],1832.0,Slow West,92%,131.0,2015.0,tt3205376,Slow West,2015.0,"Adventure,Western",6.9,37754.0,nm3304468,John Maclean
1190,The End Of The Tour,['James Ponsoldt'],,"Jul 31, 2015","

                                105 minutes
                            
",,['Donald Margulies'],1833.0,The End Of The Tour,91%,149.0,2015.0,,,,,,,,
1191,The Wrecking Crew,['Albert Pyun'],,"Jan 1, 1999","

                                90 minutes
                            
",,['Andrew Markell'],1834.0,The Wrecking Crew,94%,68.0,2015.0,,,,,,,,
1192,We Are Still Here,['Ted Geoghegan'],,"Jun 5, 2015","

                                84 minutes
                            
",,['Ted Geoghegan'],1835.0,We Are Still Here,95%,43.0,2015.0,tt3520418,We Are Still Here,2015.0,Horror,5.7,15328.0,nm0313295,Ted Geoghegan
1193,Clouds of Sils Maria,['Olivier Assayas'],,"Apr 10, 2015","

                                124 minutes
                            
",,['Olivier Assayas'],1836.0,Clouds of Sils Maria,90%,164.0,2015.0,,,,,,,,
1194,Man from Reno,['Dave Boyle'],,"Mar 27, 2015","
First Pond Entertainment
",,"['Dave Boyle', 'Joel Clark', 'Michael Lerman']",1837.0,Man from Reno,95%,40.0,2015.0,,,,,,,,
1195,Queen of Earth,['Alex Ross Perry'],,"Aug 26, 2015","

                                90 minutes
                            
",,['Alex Ross Perry'],1840.0,Queen of Earth,93%,80.0,2015.0,tt3993894,Queen of Earth,2015.0,"Drama,Thriller",6.3,5130.0,nm3504405,Alex Ross Perry
1196,Trainwreck,['Judd Apatow'],,"Jul 17, 2015","

                                129 minutes
                            
",,['Amy Schumer'],1842.0,Trainwreck,85%,269.0,2015.0,tt3152624,Trainwreck,2015.0,"Comedy,Drama,Romance",6.2,120725.0,nm0031976,Judd Apatow
1197,The Hunting Ground,['Kirby Dick'],,"Feb 27, 2015","$185,328",,['Kirby Dick'],1843.0,The Hunting Ground,93%,72.0,2015.0,tt4185572,The Hunting Ground,2015.0,Documentary,7.4,5558.0,nm0225269,Kirby Dick
1198,Boy and the World,['Alê Abreu'],,"Dec 11, 2015","$47,618",,['Alê Abreu'],,,,,,,,,,,,,
1199,James White,['Josh Mond'],,"Nov 13, 2015","$101,368",,['Josh Mond'],1847.0,James White,92%,73.0,2015.0,tt4288636,James White,2015.0,Drama,7.1,5133.0,nm1317614,Josh Mond
1200,The Peanuts Movie,['Steve Martino'],,"Nov 6, 2015","$106,132,048",,"['Bryan Schulz', 'Craig Schulz', 'Charles M. Schulz', 'Cornelius Uliano']",1848.0,The Peanuts Movie,87%,190.0,2015.0,tt2452042,The Peanuts Movie,2015.0,"Animation,Comedy,Drama",7.1,38796.0,nm0553942,Steve Martino
1201,Mississippi Grind,"['Ryan Fleck', 'Anna Boden']",,"Sep 25, 2015","$129,747",,"['Ryan Fleck', 'Anna Boden']",1850.0,Mississippi Grind,90%,115.0,2015.0,tt2349144,Mississippi Grind,2015.0,"Comedy,Drama",6.4,16852.0,"nm1349818,nm0281396",
1202,Bone Tomahawk,['S. Craig Zahler'],,"Oct 23, 2015","

                                133 minutes
                            
",,['S. Craig Zahler'],1852.0,Bone Tomahawk,91%,87.0,2015.0,tt2494362,Bone Tomahawk,2015.0,"Adventure,Drama,Horror",7.1,67487.0,nm0951975,S. Craig Zahler
1203,Ant-Man,['Peyton Reed'],,"Jul 17, 2015","$138,002,223",,"['Joe Cornish', 'Edgar Wright', 'Adam McKay', 'Paul Rudd', 'Stan Lee', 'Larry Lieber', 'Jack Kirby']",1854.0,Ant-Man,82%,303.0,2015.0,tt0478970,Ant-Man,2015.0,"Action,Adventure,Comedy",7.3,481626.0,nm0715636,Peyton Reed
1210,Sunshine Superman,['Marah Strauch'],,"May 22, 2015","$83,537",,['Marah Strauch'],1861.0,Sunshine Superman,92%,59.0,2015.0,,,,,,,,
1211,Disneynature Monkey Kingdom,"['Mark Linfield', 'Alastair Fothergill']",,"Sep 15, 2015","

                                85 minutes
                            
",,[],1862.0,Disneynature Monkey Kingdom,92%,53.0,2015.0,,,,,,,,
1212,Cartel Land,['Matthew Heineman'],,"Mar 29, 2016","
The Orchard
",,[],1866.0,Cartel Land,90%,98.0,2015.0,tt4126304,Cartel Land,2015.0,Documentary,7.4,16497.0,nm1292648,Matthew Heineman
1213,Mommy,['Max Allan Collins'],,"Nov 21, 1994","

                                89 minutes
                            
",,['Max Allan Collins'],1867.0,Mommy,89%,122.0,2015.0,tt3662392,Mommy,2015.0,Short,7.6,9.0,nm3613729,Milad Alami
1215,The Lady In The Van,['Nicholas Hytner'],,"Dec 4, 2015","

                                104 minutes
                            
",,['Alan Bennett'],1869.0,The Lady In The Van,88%,144.0,2015.0,,,,,,,,
1216,When Marnie Was There,['Hiromasa Yonebayashi'],,"May 22, 2015","$463,187",,"['Keiko Niwa', 'Hiromasa Yonebayashi', 'Masashi Ando']",1870.0,When Marnie Was There,90%,93.0,2015.0,,,,,,,,
1217,White God,['Kornél Mundruczó'],,"Mar 27, 2015","

                                117 minutes
                            
",,"['Kata Wéber', 'Kornél Mundruczó', 'Viktoria Petranyi']",1875.0,White God,89%,106.0,2015.0,,,,,,,,
1218,Arrival,['David Schmoeller'],,"Sep 5, 1991","
                        
                            Del Mar Entertainment
                        
                    ",,['Daniel Ljoka'],1878.0,Arrival,94%,394.0,2016.0,tt2543164,Arrival,2016.0,"Drama,Mystery,Sci-Fi",7.9,503277.0,nm0898288,Denis Villeneuve
1223,Manchester by the Sea,['Kenneth Lonergan'],,"Dec 16, 2016","$47,695,120",,['Kenneth Lonergan'],1883.0,Manchester by the Sea,96%,323.0,2016.0,tt4034228,Manchester by the Sea,2016.0,Drama,7.8,210664.0,nm0518836,Kenneth Lonergan
1224,La La Land,['Damien Chazelle'],,"Dec 9, 2016","$151,058,124",,['Damien Chazelle'],1884.0,La La Land,91%,421.0,2016.0,tt3783958,La La Land,2016.0,"Comedy,Drama,Music",8.0,426025.0,nm3227090,Damien Chazelle
1225,Zootopia,"['Byron Howard', 'Rich Moore', 'Jared Bush']",,"Mar 4, 2016","$341,264,012",,"['Jared Bush', 'Phil Johnston']",1885.0,Zootopia,97%,274.0,2016.0,tt2948356,Zootopia,2016.0,"Adventure,Animation,Comedy",8.0,375670.0,"nm1158544,nm0397174,nm0601781",
1227,Hell or High Water,['David Mackenzie'],,"Aug 12, 2016","$26,973,524",,['Taylor Sheridan'],1888.0,Hell or High Water,97%,262.0,2016.0,tt2582782,Hell or High Water,2016.0,"Action,Crime,Drama",7.6,172326.0,nm0533284,David Mackenzie
1231,Finding Dory,"['Andrew Stanton', 'Angus MacLane']",,"Jun 17, 2016","$486,292,984",,"['Andrew Stanton', 'Victoria Strouse']",1896.0,Finding Dory,94%,314.0,2016.0,tt2277860,Finding Dory,2016.0,"Adventure,Animation,Comedy",7.3,209711.0,"nm0004056,nm0533691",
1234,Paterson,['Jim Jarmusch'],,"Dec 28, 2016","$2,141,423",,['Jim Jarmusch'],1899.0,Paterson,96%,243.0,2016.0,tt5247022,Paterson,2016.0,"Comedy,Drama,Romance",7.4,53643.0,nm0000464,Jim Jarmusch
1235,Kubo and the Two Strings,['Travis Knight'],,"Aug 19, 2016","$48,019,281",,"['Marc Haimes', 'Chris Butler']",1901.0,Kubo and the Two Strings,97%,209.0,2016.0,tt4302938,Kubo and the Two Strings,2016.0,"Action,Adventure,Animation",7.8,103592.0,nm1325899,Travis Knight
1236,The Nice Guys,['Shane Black'],,"May 20, 2016","$32,261,515",,"['Shane Black', 'Anthony Bagarozzi']",1902.0,The Nice Guys,93%,295.0,2016.0,tt3799694,The Nice Guys,2016.0,"Action,Comedy,Crime",7.4,235619.0,nm0000948,Shane Black
1237,Things to Come,['William Cameron Menzies'],,"May 2, 1936","

                                92 minutes
                            
",,"['H. G. Wells', 'H.G. Wells']",,,,,,,,,,,,,
1238,The Witch,['Damiano Damiani'],,"Apr 14, 1966","

                                103 minutes
                            
",,"['Ugo Liberatore', 'Damiano Damiani']",1905.0,The Witch,91%,311.0,2016.0,,,,,,,,
1239,Hunt for the Wilderpeople,['Taika Waititi'],,"Jun 24, 2016","$5,202,582",,['Taika Waititi'],1906.0,Hunt for the Wilderpeople,96%,187.0,2016.0,tt4698684,Hunt for the Wilderpeople,2016.0,"Adventure,Comedy,Drama",7.9,85639.0,nm0169806,Taika Waititi
1240,Eye In The Sky,['Gavin Hood'],,"Apr 1, 2016","$16,641,379",,['Guy Hibbert'],1911.0,Eye In The Sky,95%,202.0,2016.0,,,,,,,,
1241,The Handmaiden,['Chan-wook Park'],,"Oct 21, 2016","$2,004,919",,"['Chan-wook Park', 'Seo-Kyung Chung', 'Chung Seo-Kyung']",,,,,,,,,,,,,
1242,Sing Street,['John Carney'],,"Apr 15, 2016","$3,233,839",,['John Carney'],1913.0,Sing Street,95%,199.0,2016.0,tt3544112,Sing Street,2016.0,"Comedy,Drama,Music",8.0,73399.0,nm0138809,John Carney
1243,Cameraperson,['Kirsten Johnson'],,"Feb 7, 2017","

                                102 minutes
                            
",,[],1914.0,Cameraperson,99%,98.0,2016.0,tt5375040,Cameraperson,2016.0,Documentary,7.4,1861.0,nm0990310,Kirsten Johnson
1244,Weiner,"['Elyse Steinberg', 'Josh Kriegman']",,"May 20, 2016","$1,675,196",,"['Elyse Steinberg', 'Josh Kriegman', 'Eli Despres']",1916.0,Weiner,96%,163.0,2016.0,tt5278596,Weiner,2016.0,Documentary,7.6,8922.0,"nm0825748,nm4361978",
1245,Under The Shadow,['Babak Anvari'],,"Oct 7, 2016","$25,832",,['Babak Anvari'],1917.0,Under The Shadow,99%,85.0,2016.0,,,,,,,,
1246,10 Cloverfield Lane,['Dan Trachtenberg'],,"Mar 11, 2016","$59,481,553",,"['Josh Campbell', 'Matthew Stuecken', 'Damien Chazelle']",1919.0,10 Cloverfield Lane,90%,294.0,2016.0,tt1179933,10 Cloverfield Lane,2016.0,"Drama,Horror,Mystery",7.2,256810.0,nm0870469,Dan Trachtenberg
1247,Toni Erdmann,['Maren Ade'],,"Dec 25, 2016","$1,478,960",,['Maren Ade'],1920.0,Toni Erdmann,93%,222.0,2016.0,tt4048272,Toni Erdmann,2016.0,"Comedy,Drama",7.4,37595.0,nm0011752,Maren Ade
1248,The Edge of Seventeen,['Kelly Fremon Craig'],,"Nov 18, 2016","$14,260,193",,['Kelly Fremon Craig'],1921.0,The Edge of Seventeen,94%,198.0,2016.0,tt1878870,The Edge of Seventeen,2016.0,"Comedy,Drama",7.4,84852.0,nm2609807,Kelly Fremon Craig
1249,The Wailing,['Hong-jin Na'],,"Jun 3, 2016","$785,405",,['Hong-jin Na'],,,,,,,,,,,,,
1250,The Fits,['Anna Rose Holmer'],,"Jun 3, 2016","$166,425",,['Anna Rose Holmer'],1923.0,The Fits,98%,101.0,2016.0,,,,,,,,
1251,Embrace Of The Serpent,['Ciro Guerra'],,"Feb 17, 2016","$1,320,005",,"['Ciro Guerra', 'Jacques Toulemonde Vidal']",,,,,,,,,,,,,
1252,The Age of Shadows,['Kim Jee-woon'],,"Sep 23, 2016","

                                139 minutes
                            
",,['Kim Jee-woon'],1927.0,The Age of Shadows,100%,43.0,2016.0,tt4914580,The Age of Shadows,2016.0,"Action,Drama,Thriller",7.1,6319.0,nm0453518,Jee-woon Kim
1253,Fireworks Wednesday,['Asghar Farhadi'],,"Mar 16, 2016","

                                104 minutes
                            
",,"['Asghar Farhadi', 'Mani Haghighi']",,,,,,,,,,,,,
1254,Aquarius,['Kleber Mendonça Filho'],,"Oct 14, 2016","

                                142 minutes
                            
",,['Kleber Mendonça Filho'],1929.0,Aquarius,97%,107.0,2016.0,tt5221584,Aquarius,2016.0,Drama,7.5,14992.0,nm2207625,Kleber Mendonça Filho
1255,13th,['Ava DuVernay'],,"Oct 7, 2016","
                        
                            Netflix
                        
                    ",,[],1931.0,13th,97%,93.0,2016.0,tt5895028,13th,2016.0,"Crime,Documentary,History",8.2,18983.0,nm1148550,Ava DuVernay
1256,Queen of Katwe,['Mira Nair'],,"Sep 30, 2016","

                                124 minutes
                            
",,['William Wheeler'],1938.0,Queen of Katwe,93%,177.0,2016.0,tt4341582,Queen of Katwe,2016.0,"Biography,Drama,Sport",7.4,12804.0,nm0619762,Mira Nair
1257,Long Way North,['Rémi Chayé'],,"Sep 30, 2016","

                                81 minutes
                            
",,"['Patricia Valeix', 'Fabrice De Costil']",,,,,,,,,,,,,
1258,Almost Holy,['Steve Hoover'],,"May 20, 2016","

                                100 minutes
                            
",,['Steve Hoover'],,,,,,,,,,,,,
1259,Sully,['Clint Eastwood'],,"Sep 9, 2016","$125,065,700",,['Todd Komarnicki'],1943.0,Sully,86%,325.0,2016.0,tt3263904,Sully,2016.0,"Biography,Drama",7.5,198602.0,nm0000142,Clint Eastwood
1260,The Innocents,['André Téchiné'],,"Dec 23, 1987","
Union Générale Cinématographique
",,"['André Téchiné', 'Pascal Bonitzer']",,,,,,,,,,,,,
1261,The Love Witch,['Anna Biller'],,"Nov 11, 2016","$226,223",,['Anna Biller'],1948.0,The Love Witch,95%,107.0,2016.0,tt3908142,The Love Witch,2016.0,"Romance,Thriller",6.2,9001.0,nm0082366,Anna Biller
1262,Marguerite,['Xavier Giannoli'],,"Mar 11, 2016","

                                127 minutes
                            
",,"['Xavier Giannoli', 'Marcia Romano']",1951.0,Marguerite,95%,103.0,2016.0,,,,,,,,
1263,Cemetery of Splendor,['Apichatpong Weerasethakul'],,"Mar 4, 2016","

                                122 minutes
                            
",,['Apichatpong Weerasethakul'],1953.0,Cemetery of Splendor,96%,78.0,2016.0,,,,,,,,
1264,Dark Horse,['David Hemmings'],,"Aug 12, 1992","
                        
                            Live Home Video
                        
                    ",,[],1954.0,Dark Horse,96%,78.0,2016.0,,,,,,,,
1265,Rams,['Grímur Hákonarson'],,"Feb 3, 2016","

                                90 minutes
                            
",,['Grímur Hákonarson'],,,,,,,,,,,,,
1266,Train to Busan,['Yeon Sang-ho'],,"Jul 22, 2016","$2,129,768",,['Yeon Sang-ho'],,,,,,,,,,,,,
1267,Gleason,['Howard Deutch'],,"Oct 13, 2002","

                                95 minutes
                            
",,"['Rick Podell', 'Michael Preminger']",1958.0,Gleason,96%,68.0,2016.0,tt4632316,Gleason,2016.0,Documentary,8.4,2133.0,nm1943168,Clay Tweel
1268,Our Little Sister,['Hirokazu Koreeda'],,"Jul 8, 2016","$466,986",,['Hirokazu Koreeda'],,,,,,,,,,,,,
1269,Gimme Danger,['Jim Jarmusch'],,"Oct 28, 2016","$439,748",,['Jim Jarmusch'],1962.0,Gimme Danger,94%,106.0,2016.0,tt1714917,Gimme Danger,2016.0,"Documentary,Music",7.2,3953.0,nm0000464,Jim Jarmusch
1270,Southside With You,['Richard Tanne'],,"Aug 26, 2016","$6,303,853",,['Richard Tanne'],1963.0,Southside With You,92%,153.0,2016.0,,,,,,,,
1271,April and the Extraordinary World,"['Christian Desmares', 'Franck Ekinci']",,"Mar 25, 2016","$294,311",,"['Franck Ekinci', 'Benjamin Legrand']",,,,,,,,,,,,,
1272,The Lobster,['Yorgos Lanthimos'],,"May 13, 2016","$9,078,073",,"['Yorgos Lanthimos', 'Efthimis Filippou']",1965.0,The Lobster,88%,242.0,2016.0,,,,,,,,
1273,The Eagle Huntress,['Otto Bell'],,"Feb 7, 2017","

                                87 minutes
                            
",,[],1966.0,The Eagle Huntress,93%,119.0,2016.0,tt3882074,The Eagle Huntress,2016.0,"Adventure,Documentary,Sport",7.5,3012.0,nm6646390,Otto Bell
1274,Deadpool,['Tim Miller'],,"Feb 12, 2016","$328,674,489",,"['Rhett Reese', 'Paul Wernick']",1970.0,Deadpool,84%,323.0,2016.0,tt1431045,Deadpool,2016.0,"Action,Adventure,Comedy",8.0,804898.0,nm1783265,Tim Miller
1277,A Bigger Splash,['Luca Guadagnino'],,"May 4, 2016","

                                124 minutes
                            
",,['David Kajganich'],1974.0,A Bigger Splash,90%,175.0,2016.0,,,,,,,,
1278,Star Trek Beyond,['Justin Lin'],,"Jul 22, 2016","$158,804,470",,"['Doug Jung', 'Simon Pegg']",1975.0,Star Trek Beyond,85%,292.0,2016.0,tt2660888,Star Trek Beyond,2016.0,"Action,Adventure,Sci-Fi",7.1,207209.0,nm0510912,Justin Lin
1280,Hacksaw Ridge,['Mel Gibson'],,"Nov 4, 2016","$67,115,062",,"['Andrew Knight', 'Robert Schenkkan']",1979.0,Hacksaw Ridge,86%,258.0,2016.0,tt2119532,Hacksaw Ridge,2016.0,"Biography,Drama,History",8.1,358335.0,nm0000154,Mel Gibson
1281,Miss Hokusai,['Keiichi Hara'],,"Oct 14, 2016","

                                93 minutes
                            
",,['Miho Maruo'],,,,,,,,,,,,,
1282,The Last Man On The Moon,['Mark Craig'],,"Feb 26, 2016","$30,880",,['Mark Craig'],1984.0,The Last Man On The Moon,93%,45.0,2016.0,,,,,,,,
1283,Creepy,['Kiyoshi Kurosawa'],,"Oct 21, 2016","

                                130 minutes
                            
",,['Kiyoshi Kurosawa'],,,,,,,,,,,,,
1284,A War,['Tobias Lindholm'],,"Feb 12, 2016","$1,346",,"['Tobias Lindholm', 'René Ezra']",,,,,,,,,,,,,
1285,Demon,['Percival Rubens'],,"Mar 30, 2004","
                        
                            Gold Key
                        
                    ",,['Percival Rubens'],1987.0,Demon,92%,65.0,2016.0,,,,,,,,
1286,A Man Called Ove,['Hannes Holm'],,"Sep 30, 2016","$3,358,518",,['Hannes Holm'],,,,,,,,,,,,,
1287,I Am Not a Serial Killer,"[""Billy O'Brien (III) ""]",,"Aug 26, 2016","

                                104 minutes
                            
",,"[""Billy O'Brien (III) "", 'Christopher Hyde (III) ']",1991.0,I Am Not a Serial Killer,92%,53.0,2016.0,tt4303340,I Am Not a Serial Killer,2016.0,"Drama,Horror,Thriller",6.2,11983.0,nm0639376,Billy O'Brien
1288,Mountains May Depart,['Zhangke Jia'],,"Feb 12, 2016","$80,408",,['Zhangke Jia'],,,,,,,,,,,,,
1289,Into the Inferno,['Werner Herzog'],,"Oct 28, 2016","

                                107 minutes
                            
",,['Werner Herzog'],1994.0,Into the Inferno,92%,48.0,2016.0,tt4846318,Into the Inferno,2016.0,Documentary,7.2,5455.0,nm0001348,Werner Herzog
1290,Zero Days,['Alex Gibney'],,"Jul 8, 2016","$70,661",,['Alex Gibney'],1995.0,Zero Days,91%,70.0,2016.0,tt5446858,Zero Days,2016.0,Documentary,7.8,7759.0,nm0316795,Alex Gibney
1291,Lady Bird,['Greta Gerwig'],,"Nov 3, 2017","$48,285,330",,['Greta Gerwig'],1998.0,Lady Bird,99%,359.0,2017.0,tt4925292,Lady Bird,2017.0,"Comedy,Drama",7.4,171409.0,nm1950086,Greta Gerwig
1293,Get Out,['Jordan Peele'],,"Feb 24, 2017","$175,428,355",,['Jordan Peele'],2000.0,Get Out,98%,347.0,2017.0,tt5052448,Get Out,2017.0,"Horror,Mystery,Thriller",7.7,379621.0,nm1443502,Jordan Peele
1294,Wonder Woman,['Lauren Montgomery'],,"Mar 3, 2009","

                                93 minutes
                            
",,['Michael Jelenic'],2001.0,Wonder Woman,93%,422.0,2017.0,tt0451279,Wonder Woman,2017.0,"Action,Adventure,Fantasy",7.5,473208.0,nm0420941,Patty Jenkins
1299,Coco,['Gad Elmaleh'],,"Jan 24, 2009","
                        
                            Legende
                        
                    ",,"['Gad Elmaleh', 'Caroline Thivel']",2006.0,Coco,97%,317.0,2017.0,tt2380307,Coco,2017.0,"Adventure,Animation,Comedy",8.4,263491.0,"nm2937122,nm0881279",
1302,Dunkirk,['Leslie Norman'],,"Mar 25, 1958","

                                135 minutes
                            
",,"['David Divine', 'W.P. Lipscomb']",2009.0,Dunkirk,92%,424.0,2017.0,tt5013056,Dunkirk,2017.0,"Action,Drama,History",7.9,454735.0,nm0634240,Christopher Nolan
1304,The Big Sick,['Michael Showalter'],,"Jul 14, 2017","$42,824,653",,"['Kumail Nanjiani', 'Emily V. Gordon']",2011.0,The Big Sick,98%,280.0,2017.0,tt5462602,The Big Sick,2017.0,"Comedy,Drama,Romance",7.6,101892.0,nm0795290,Michael Showalter
1305,Baby Driver,['Edgar Wright'],,"Jun 28, 2017","$107,770,367",,['Edgar Wright'],2025.0,Baby Driver,93%,348.0,2017.0,tt3890160,Baby Driver,2017.0,"Action,Crime,Drama",7.6,351582.0,nm0942367,Edgar Wright
1308,The Florida Project,['Sean Baker (II) '],,"Oct 6, 2017","$5,412,775",,"['Sean Baker (II) ', 'Chris Bergoch']",2028.0,The Florida Project,96%,282.0,2017.0,tt5649144,The Florida Project,2017.0,Drama,7.6,69684.0,nm0048918,Sean Baker
1309,War for the Planet of the Apes,['Matt Reeves'],,"Jul 14, 2017","$146,872,826",,"['Mark Bomback', 'Matt Reeves']",2033.0,War for the Planet of the Apes,93%,330.0,2017.0,tt3450958,War for the Planet of the Apes,2017.0,"Action,Adventure,Drama",7.5,197121.0,nm0716257,Matt Reeves
1311,I Am Not Your Negro,['Raoul Peck'],,"Feb 3, 2017","$7,120,626",,"['James Baldwin', 'Raoul Peck']",2037.0,I Am Not Your Negro,98%,193.0,2017.0,,,,,,,,
1312,Hidden Figures,['Ted Melfi'],,"Jan 6, 2017","$169,385,416",,"['Allison Schroeder', 'Ted Melfi']",2038.0,Hidden Figures,93%,294.0,2017.0,tt7247994,Hidden Figures,2017.0,"Comedy,Talk-Show",7.2,11.0,nm5741914,Chris Stuckmann
1313,The Disaster Artist,['James Franco'],,"Dec 8, 2017","

                                104 minutes
                            
",,"['Scott Neustadter', 'Michael H. Weber']",2039.0,The Disaster Artist,91%,318.0,2017.0,tt3521126,The Disaster Artist,2017.0,"Biography,Comedy,Drama",7.4,108338.0,nm0290556,James Franco
1316,Blade Runner 2049,['Denis Villeneuve'],,"Oct 6, 2017","$91,800,042",,"['Michael Green', 'Hampton Fancher']",2042.0,Blade Runner 2049,87%,402.0,2017.0,tt1856101,Blade Runner 2049,2017.0,"Drama,Mystery,Sci-Fi",8.0,367429.0,nm0898288,Denis Villeneuve
1320,Mudbound,['Dee Rees'],,"Nov 17, 2017","

                                134 minutes
                            
",,"['Dee Rees', 'Virgil Williams']",2046.0,Mudbound,97%,180.0,2017.0,tt2396589,Mudbound,2017.0,"Drama,War",7.4,32866.0,nm2011696,Dee Rees
1321,Faces Places,"['JR', 'Agnès Varda']",,"Mar 6, 2018","

                                90 minutes
                            
",,[],,,,,,,,,,,,,
1322,Logan Lucky,['Steven Soderbergh'],,"Aug 18, 2017","$27,696,504",,['Rebecca Blunt'],2049.0,Logan Lucky,92%,260.0,2017.0,tt5439796,Logan Lucky,2017.0,"Comedy,Crime,Drama",7.0,103450.0,nm0001752,Steven Soderbergh
1324,My Life as a Zucchini,['Claude Barras'],,"Feb 24, 2017","$279,912",,['Céline Sciamma'],,,,,,,,,,,,,
1325,BPM,['Robin Campillo'],,"Oct 20, 2017","

                                146 minutes
                            
",,"['Philippe Mangeot', 'Robin Campillo']",,,,,,,,,,,,,
1326,The Lego Batman Movie,['Chris McKay'],,"Feb 10, 2017","$175,686,290",,"['Seth Grahame-Smith', 'Chris McKenna (II)', 'Erik Sommers', 'Jared Stern', 'John Whittington']",2053.0,The Lego Batman Movie,90%,294.0,2017.0,tt4116284,The Lego Batman Movie,2017.0,"Action,Animation,Comedy",7.3,113552.0,nm0003021,Chris McKay
1327,Lucky,"['Radhika Rao', 'Vinay Sapru']",,"Apr 11, 2005","

                                180 minutes
                            
",,"['Vinay Sapru', 'Milap Zaveri', 'Radhika Rao']",2054.0,Lucky,97%,139.0,2017.0,tt5859238,Lucky,2017.0,"Comedy,Drama",7.4,13836.0,nm0002253,John Carroll Lynch
1328,City of Ghosts,['Matt Dillon'],,"Apr 25, 2003","$275,998",,"['Matt Dillon', 'Barry Gifford']",2056.0,City of Ghosts,98%,101.0,2017.0,tt6333056,City of Ghosts,2017.0,"Documentary,War",7.4,2852.0,nm1292648,Matthew Heineman
1329,A Ghost Story,['David Lowery'],,"Jul 7, 2017","$1,594,798",,['David Lowery'],2057.0,A Ghost Story,91%,253.0,2017.0,tt6265828,A Ghost Story,2017.0,"Drama,Fantasy,Romance",6.8,45053.0,nm1108007,David Lowery
1330,Jane,['Brett Morgen'],,"Oct 20, 2017","

                                90 minutes
                            
",,['Brett Morgen'],2059.0,Jane,98%,100.0,2017.0,tt7137582,Jane,2017.0,Drama,5.7,9.0,nm1885212,Charles Hood
1332,Truman,['Frank R. Pierson'],,"Sep 9, 1995","

                                130 minutes
                            
",,['Tom Rickman'],2065.0,Truman,99%,68.0,2017.0,,,,,,,,
1333,After the Storm,['Guy Ferland'],,"May 29, 2001","

                                103 minutes
                            
",,"['A.E. Hitchner', 'A.E. Hotchner']",,,,,,,,,,,,,
1334,Graduation,['Michael Mayer (VI)'],,"Apr 24, 2007","

                                89 minutes
                            
",,"['Michael Mayer (VI)', 'D. Cory Turner']",,,,,,,,,,,,,
1335,Good Time,"['Benny Safdie', 'Joshua Safdie']",,"Aug 25, 2017","$1,999,047",,"['Joshua Safdie', 'Ronald Bronstein']",2071.0,Good Time,91%,222.0,2017.0,tt4846232,Good Time,2017.0,"Crime,Drama,Thriller",7.3,49917.0,"nm1509478,nm1343394",
1337,The Meyerowitz Stories,['Noah Baumbach'],,"Oct 13, 2017","
                        
                            Netflix
                        
                    ",,['Noah Baumbach'],,,,,,,,,,,,,
1338,The Red Turtle,['Michaël Dudok De Wit'],,"Jan 20, 2017","$920,057",,"['Michaël Dudok De Wit', 'Pascale Ferran']",,,,,,,,,,,,,
1339,In This Corner of the World,['Sunao Katabuchi'],,"Aug 11, 2017","
Shout! Factory Films
",,['Sunao Katabuchi'],,,,,,,,,,,,,
1340,Menashe,['Joshua Z. Weinstein'],,"Jul 28, 2017","

                                81 minutes
                            
",,"['Alex Lipschultz', 'Joshua Z. Weinstein', 'Musa Syeed']",2094.0,Menashe,95%,111.0,2017.0,tt6333086,Menashe,2017.0,Drama,6.5,1424.0,nm2922880,Joshua Z Weinstein
1341,1945,['Ferenc Torok'],,"Nov 1, 2017","

                                91 minutes
                            
",,"['Ferenc Torok', 'Gabor Szanto']",2095.0,1945,97%,66.0,2017.0,tt5815492,1945,2017.0,Drama,7.2,2256.0,nm0879559,Ferenc Török
1342,The Last Laugh,['F.W. Murnau'],,"Jan 5, 1925","

                                77 minutes
                            
",,['Carl Mayer'],2096.0,The Last Laugh,98%,44.0,2017.0,tt7099016,The Last Laugh,2017.0,"Comedy,Short",8.7,10.0,nm0376941,Paul Hendy
1343,The Breadwinner,['Nora Twomey'],,"Nov 17, 2017","$228,056",,['Anita Doron'],2100.0,The Breadwinner,95%,97.0,2017.0,tt3901826,The Breadwinner,2017.0,"Animation,Drama,Family",7.7,13390.0,nm1316072,Nora Twomey
1344,Battle of the Sexes,"['Jonathan Dayton', 'Valerie Faris']",,"Sep 29, 2017","$12,552,907",,['Simon Beaufoy'],2101.0,Battle of the Sexes,86%,290.0,2017.0,tt4622512,Battle of the Sexes,2017.0,"Biography,Comedy,Drama",6.7,42080.0,"nm0267512,nm0206760",
1346,20th Century Women,['Mike Mills'],,"Jan 20, 2017","$5,663,854",,['Mike Mills'],2105.0,20th Century Women,89%,213.0,2017.0,,,,,,,,
1347,A Quiet Passion,['Terence Davies'],,"Apr 14, 2017","$1,864,266",,['Terence Davies'],2107.0,A Quiet Passion,91%,164.0,2017.0,,,,,,,,
1348,I Called Him Morgan,['Kasper Collin'],,"Mar 24, 2017","

                                89 minutes
                            
",,['Kasper Collin'],2111.0,I Called Him Morgan,96%,52.0,2017.0,,,,,,,,
1349,Wind River,['Tom Shell'],,"Nov 27, 2001","

                                97 minutes
                            
",,['Eliizabeth Hansen'],2115.0,Wind River,87%,232.0,2017.0,tt5362988,Wind River,2017.0,"Crime,Drama,Mystery",7.7,163946.0,nm0792263,Taylor Sheridan
1351,It Comes At Night,['Trey Edward Shults'],,"Jun 9, 2017","$13,985,117",,['Trey Edward Shults'],2119.0,It Comes At Night,87%,230.0,2017.0,,,,,,,,
1352,A Monster Calls,['J.A. Bayona'],,"Jan 6, 2017","$3,730,982",,['Patrick Ness'],2120.0,A Monster Calls,86%,250.0,2017.0,,,,,,,,
1353,Lady Macbeth,['William Oldroyd'],,"Jul 14, 2017","$1,128,187",,['Alice Birch'],2121.0,Lady Macbeth,89%,181.0,2017.0,,,,,,,,
1354,Girls Trip,['Malcolm D. Lee'],,"Jul 21, 2017","$115,088,305",,"['Kenya Barris', 'Tracy Oliver']",2123.0,Girls Trip,90%,157.0,2017.0,tt3564472,Girls Trip,2017.0,"Comedy,Drama",6.2,28494.0,nm0002700,Malcolm D. Lee
1355,Their Finest,['Lone Scherfig'],,"Apr 7, 2017","$3,595,841",,['Gaby Chiappe'],2124.0,Their Finest,90%,155.0,2017.0,,,,,,,,
1356,Frantz,['François Ozon'],,"Mar 15, 2017","$880,474",,"['François Ozon', 'Philippe Piazzo']",2125.0,Frantz,91%,131.0,2017.0,,,,,,,,
1357,The Lost City of Z,['James Gray'],,"Apr 21, 2017","$8,554,554",,['James Gray'],2126.0,The Lost City of Z,86%,229.0,2017.0,,,,,,,,
1358,The Other Side of Hope,['Aki Kaurismäki'],,"Dec 1, 2017","
Janus Films
",,['Aki Kaurismäki'],,,,,,,,,,,,,
1359,Gook,['Justin Chon'],,"Aug 18, 2017","$222,191",,['Justin Chon'],2128.0,Gook,94%,54.0,2017.0,tt6057032,Gook,2017.0,Drama,7.1,1790.0,nm2014390,Justin Chon
1360,Icarus,['Dolph Lundgren'],,"Oct 19, 2010","
                        
                            Anchor Bay Entertainment
                        
                    ",,['Raul Inglis'],2131.0,Icarus,94%,47.0,2017.0,tt6333060,Icarus,2017.0,"Documentary,Sport,Thriller",7.9,27817.0,nm2406731,Bryan Fogel
1363,Human Flow,['Ai Weiwei'],,"Feb 16, 2017","

                                140 minutes
                            
",,[],2135.0,Human Flow,91%,109.0,2017.0,tt6573444,Human Flow,2017.0,Documentary,6.9,1914.0,nm2675885,Weiwei Ai
1364,Okja,['Bong Joon Ho'],,"Jun 28, 2017","

                                118 minutes
                            
",,"['Bong Joon Ho', 'Jon Ronson']",2136.0,Okja,86%,212.0,2017.0,tt3967856,Okja,2017.0,"Action,Adventure,Drama",7.3,69807.0,nm0094435,Joon-ho Bong
1365,Land of Mine,['Martin Zandvliet'],,"Feb 10, 2017","$434,640",,['Martin Zandvliet'],,,,,,,,,,,,,
1366,Endless Poetry,['Alejandro Jodorowsky'],,"Jul 14, 2017","$28,000",,['Alejandro Jodorowsky'],,,,,,,,,,,,,
1367,Maudie,['Aisling Walsh'],,"Jun 16, 2017","$6,139,048",,['Sherry White'],2140.0,Maudie,89%,143.0,2017.0,,,,,,,,
1368,Prevenge,['Alice Lowe'],,"Mar 24, 2017","
                        
                            Western Edge Pictures
                        
                    ",,['Alice Lowe'],2141.0,Prevenge,92%,77.0,2017.0,,,,,,,,
1369,BlacKkKlansman,['Spike Lee'],,"Aug 10, 2018","

                                135 minutes
                            
",,"['Charlie Wachtel', 'David Rabinowitz', 'Kevin Willmott', 'Spike Lee']",2151.0,BlacKkKlansman,96%,390.0,2018.0,tt7349662,BlacKkKlansman,2018.0,"Biography,Crime,Drama",7.5,129767.0,nm0000490,Spike Lee
1371,Roma,['Alfonso Cuarón'],,"Nov 21, 2018","

                                135 minutes
                            
",,['Alfonso Cuarón'],2156.0,Roma,96%,352.0,2018.0,tt6155172,Roma,2018.0,Drama,7.8,98162.0,nm0190859,Alfonso Cuarón
1372,A Star Is Born,['Bradley Cooper'],,"Oct 5, 2018","

                                135 minutes
                            
",,"['Will Fetters', 'Eric Roth', 'Bradley Cooper']",2157.0,A Star Is Born,89%,470.0,2018.0,tt1517451,A Star Is Born,2018.0,"Drama,Music,Romance",7.8,222962.0,nm0177896,Bradley Cooper
1373,A Quiet Place,['John Krasinski'],,"Apr 6, 2018","

                                90 minutes
                            
",,"['Bryan Woods', 'Scott Beck', 'John Krasinski']",2158.0,A Quiet Place,95%,342.0,2018.0,tt6644200,A Quiet Place,2018.0,"Drama,Horror,Mystery",7.6,286325.0,nm1024677,John Krasinski
1376,Can You Ever Forgive Me?,['Marielle Heller'],,"Oct 19, 2018","
Fox Searchlight Pictures
",,"['Nicole Holofcener', 'Jeff Whitty']",2161.0,Can You Ever Forgive Me?,98%,275.0,2018.0,tt4595882,Can You Ever Forgive Me?,2018.0,"Biography,Comedy,Crime",7.2,23558.0,nm1716636,Marielle Heller
1377,Eighth Grade,['Bo Burnham'],,"Aug 3, 2018","

                                94 minutes
                            
",,['Bo Burnham'],2162.0,Eighth Grade,99%,251.0,2018.0,tt7014006,Eighth Grade,2018.0,"Comedy,Drama",7.5,37823.0,nm3102998,Bo Burnham
1379,Paddington 2,['Paul King (VII) '],,"Jan 12, 2018","

                                105 minutes
                            
",,"['Paul King (VII) ', 'Simon Farnaby']",2164.0,Paddington 2,100%,226.0,2018.0,,,,,,,,
1380,Call Me by Your Name,['Luca Guadagnino'],,"Jan 19, 2018","

                                130 minutes
                            
",,['James Ivory'],2165.0,Call Me by Your Name,95%,323.0,2018.0,,,,,,,,
1381,Incredibles 2,['Brad Bird'],,"Jun 15, 2018","

                                118 minutes
                            
",,['Brad Bird'],2166.0,Incredibles 2,94%,341.0,2018.0,tt3606756,Incredibles 2,2018.0,"Action,Adventure,Animation",7.7,188940.0,nm0083348,Brad Bird
1383,The Favourite,['Yorgos Lanthimos'],,"Nov 23, 2018","

                                119 minutes
                            
",,"['Deborah Davis', 'Tony McNamara']",2168.0,The Favourite,93%,361.0,2018.0,tt5083738,The Favourite,2018.0,"Biography,Comedy,Drama",7.7,97724.0,nm0487166,Yorgos Lanthimos
1385,Leave No Trace,['Debra Granik'],,"Jun 29, 2018","

                                109 minutes
                            
",,"['Debra Granik', 'Anne Rosellini']",2170.0,Leave No Trace,100%,213.0,2018.0,tt3892172,Leave No Trace,2018.0,Drama,7.2,30403.0,nm0335138,Debra Granik
1386,Shoplifters,['Hirokazu Koreeda'],,"Nov 23, 2018","

                                121 minutes
                            
",,['Hirokazu Koreeda'],,,,,,,,,,,,,
1387,The Death of Stalin,['Armando Iannucci'],,"Mar 9, 2018","

                                107 minutes
                            
",,"['Fabien Nury', 'Armando Iannucci', 'David Schneider', 'Ian Martin', 'Thierry Robin']",2174.0,The Death of Stalin,96%,232.0,2018.0,,,,,,,,
1388,The Hate U Give,['George Tillman Jr.'],,"Oct 19, 2018","

                                132 minutes
                            
",,['Audrey Wells'],2175.0,The Hate U Give,97%,200.0,2018.0,tt5580266,The Hate U Give,2018.0,"Crime,Drama",7.2,14881.0,nm0863387,George Tillman Jr.
1389,Crazy Rich Asians,['Jon M. Chu'],,"Aug 15, 2018","

                                120 minutes
                            
",,"['Peter Chiarelli', 'Adele Lim']",2176.0,Crazy Rich Asians,91%,318.0,2018.0,tt3104988,Crazy Rich Asians,2018.0,"Comedy,Romance",7.0,84706.0,nm0160840,Jon M. Chu
1392,Ant-Man and the Wasp,['Peyton Reed'],,"Jul 6, 2018","

                                118 minutes
                            
",,"['Gabriel Ferrari', 'Andrew Barrer', 'Erik Sommers']",2179.0,Ant-Man and the Wasp,88%,381.0,2018.0,tt5095030,Ant-Man and the Wasp,2018.0,"Action,Adventure,Comedy",7.1,211826.0,nm0715636,Peyton Reed
1396,Sorry to Bother You,['Boots Riley'],,"Jul 13, 2018","

                                105 minutes
                            
",,['Boots Riley'],2183.0,Sorry to Bother You,93%,275.0,2018.0,tt5688932,Sorry to Bother You,2018.0,"Comedy,Fantasy,Sci-Fi",7.0,36426.0,nm1108556,Boots Riley
1397,First Man,['Damien Chazelle'],,"Oct 12, 2018","

                                138 minutes
                            
",,['Josh Singer'],2184.0,First Man,87%,399.0,2018.0,tt1213641,First Man,2018.0,"Biography,Drama,History",7.4,108575.0,nm3227090,Damien Chazelle
1400,Phantom Thread,['Paul Thomas Anderson'],,"Jan 19, 2018","$947,190",,['Paul Thomas Anderson'],2187.0,Phantom Thread,91%,316.0,2018.0,tt7854462,Phantom Thread,2018.0,"Comedy,Talk-Show",7.4,5.0,nm5741914,Chris Stuckmann
1401,The Post,['Steven Spielberg'],,"Jan 12, 2018","$80,369,969",,"['Liz Hannah', 'Josh Singer']",2191.0,The Post,88%,364.0,2018.0,tt7899916,The Post,2018.0,Comedy,9.5,8.0,\N,
1402,Free Solo,"['Elizabeth Chai Vasarhelyi', 'Jimmy Chin']",,"Feb 12, 2019","
Greenwich Entertainment
",,[],2192.0,Free Solo,99%,135.0,2018.0,tt7775622,Free Solo,2018.0,"Documentary,Sport",8.3,21650.0,"nm3011011,nm1888091",
1403,The Rider,['Chloé Zhao'],,"Apr 13, 2018","

                                104 minutes
                            
",,['Chloé Zhao'],2199.0,The Rider,97%,166.0,2018.0,,,,,,,,
1404,Minding the Gap,['Bing Liu'],,"Aug 17, 2018","
                        
                            Hulu
                        
                    ",,[],2200.0,Minding the Gap,100%,102.0,2018.0,tt7476236,Minding the Gap,2018.0,Documentary,8.1,3899.0,nm3294913,Bing Liu
1405,Hereditary,['Ari Aster'],,"Jun 8, 2018","

                                127 minutes
                            
",,['Ari Aster'],2201.0,Hereditary,89%,329.0,2018.0,tt7784604,Hereditary,2018.0,"Drama,Horror,Mystery",7.3,139381.0,nm4170048,Ari Aster
1408,McQueen,['Ian Bonhôte'],,"Jul 20, 2018","

                                111 minutes
                            
",,['Peter Ettedgui'],2204.0,McQueen,99%,112.0,2018.0,tt6510332,McQueen,2018.0,"Biography,Documentary",7.9,4175.0,"nm0262167,nm0094524",
1409,Three Identical Strangers,['Tim Wardle'],,"Oct 2, 2018","
NEON
",,[],2205.0,Three Identical Strangers,96%,169.0,2018.0,tt7664504,Three Identical Strangers,2018.0,"Biography,Documentary,Drama",7.7,13207.0,nm2268736,Tim Wardle
1410,Summer 1993,['Carla Simón'],,"May 25, 2018","
Oscilloscope Laboratories
",,['Carla Simón'],,,,,,,,,,,,,
1411,First Reformed,['Paul Schrader'],,"May 18, 2018","

                                108 minutes
                            
",,['Paul Schrader'],2209.0,First Reformed,93%,221.0,2018.0,,,,,,,,
1412,Bumblebee,['Travis Knight'],,"Dec 21, 2018","

                                114 minutes
                            
",,['Christina Hodson'],2210.0,Bumblebee,93%,219.0,2018.0,tt4701182,Bumblebee,2018.0,"Action,Adventure,Sci-Fi",7.0,64425.0,nm1325899,Travis Knight
1415,A Fantastic Woman,['Sebastián Lelio'],,"Feb 2, 2018","$806,746",,"['Sebastián Lelio', 'Gonzalo Maza']",,,,,,,,,,,,,
1416,Shirkers,['Sandi Tan'],,"Oct 26, 2018","
Netflix
",,[],2218.0,Shirkers,100%,60.0,2018.0,tt7472352,Shirkers,2018.0,Documentary,7.5,2600.0,nm0848893,Sandi Tan
1417,Science Fair,"['Cristina Costantini', 'Darren Foster']",,"Sep 14, 2018","
                        
                            National Geographic Documentary Films
                        
                    ",,"['Jeffrey Plunkett', 'Darren Foster', 'Cristina Costantini']",2221.0,Science Fair,99%,68.0,2018.0,tt7153434,Science Fair,2018.0,Documentary,7.7,272.0,"nm2448637,nm8201031",
1418,Night Comes On,['Jordana Spiro'],,"Aug 3, 2018","

                                87 minutes
                            
",,"['Jordana Spiro', 'Angelica Nwandu']",2222.0,Night Comes On,100%,46.0,2018.0,tt7184124,Night Comes On,2018.0,Drama,6.7,352.0,nm0819079,Jordana Spiro
1419,Loveless,"['Kathryn Bigelow', 'Monty Montgomery']",,"Jan 1, 1983","

                                85 minutes
                            
",,"['Kathryn Bigelow', 'Monty Montgomery']",,,,,,,,,,,,,
1420,RBG,"['Betsy West', 'Julie Cohen']",,"Aug 28, 2018","
Magnolia Pictures
",,[],2227.0,RBG,94%,161.0,2018.0,tt7689964,RBG,2018.0,"Biography,Documentary",7.5,7215.0,"nm3792517,nm1723335",
1421,Mandy,"['Alexander Mackendrick', 'Fred F. Sears']",,"Jul 1, 1952","
                        
                            General Film Distributors
                        
                    ",,"['Nigel Balchin', 'Jack Whittingham']",2228.0,Mandy,91%,221.0,2018.0,tt6998518,Mandy,2018.0,"Action,Fantasy,Horror",6.6,40433.0,nm0181903,Panos Cosmatos
1422,Blindspotting,['Carlos Lopez Estrada'],,"Jul 20, 2018","

                                95 minutes
                            
",,"['Rafael Casal', 'Daveed Diggs']",2229.0,Blindspotting,94%,157.0,2018.0,tt7242142,Blindspotting,2018.0,"Comedy,Crime,Drama",7.4,15014.0,nm2788015,Carlos López Estrada
1423,The Ballad of Buster Scruggs,"['Joel Coen', 'Ethan Coen']",,"Nov 8, 2018","

                                132 minutes
                            
",,"['Ethan Coen', 'Joel Coen']",2231.0,The Ballad of Buster Scruggs,91%,211.0,2018.0,tt6412452,The Ballad of Buster Scruggs,2018.0,"Comedy,Drama,Musical",7.3,79800.0,"nm0001053,nm0001054",
1424,Zama,['Lucrecia Martel'],,"Apr 13, 2018","
Strand Releasing
",,['Lucrecia Martel'],2234.0,Zama,96%,103.0,2018.0,,,,,,,,
1425,You Were Never Really Here,['Lynne Ramsay'],,"Apr 6, 2018","

                                89 minutes
                            
",,['Lynne Ramsay'],2235.0,You Were Never Really Here,89%,247.0,2018.0,,,,,,,,
1426,Deadpool 2,['David Leitch'],,"May 18, 2018","

                                119 minutes
                            
",,"['Rhett Reese', 'Paul Wernick', 'Ryan Reynolds']",2237.0,Deadpool 2,83%,369.0,2018.0,tt5463162,Deadpool 2,2018.0,"Action,Adventure,Comedy",7.8,365050.0,nm0500610,David Leitch
1431,Pick of the Litter,"['Dana Nachman', 'Don Hardy Jr.']",,"Aug 31, 2018","

                                81 minutes
                            
",,['Dana Nachman'],2243.0,Pick of the Litter,98%,52.0,2018.0,tt5644050,Pick of the Litter,2018.0,Documentary,7.6,525.0,"nm2274615,nm2944812",
1432,Annihilation,['Alex Garland'],,"Feb 23, 2018","$20,636,742",,['Alex Garland'],2244.0,Annihilation,87%,279.0,2018.0,tt2798920,Annihilation,2018.0,"Adventure,Drama,Horror",6.9,218547.0,nm0307497,Alex Garland
1435,I Am Not a Witch,['Rungano Nyoni'],,"Sep 7, 2018","
                        
                            Film Movement
                        
                    ",,['Rungano Nyoni'],2247.0,I Am Not a Witch,97%,72.0,2018.0,,,,,,,,
1436,The Cakemaker,['Ofir Raul Graizer'],,"Jun 29, 2018","
                        
                            Strand Releasing
                        
                    ",,['Ofir Raul Graizer'],2248.0,The Cakemaker,98%,51.0,2018.0,,,,,,,,
1437,Thunder Road,['Arthur Ripley'],,"May 10, 1958","

                                92 minutes
                            
",,"['Walter Wise', 'James Atlee Phillips']",2252.0,Thunder Road,98%,43.0,2018.0,tt7738450,Thunder Road,2018.0,"Comedy,Drama",7.1,6719.0,nm3526993,Jim Cummings
1438,Marlina the Murderer in Four Acts,['Mouly Surya'],,"Jun 22, 2018","
Icarus Films
",,"['Rama Adi (II) ', 'Garin Nugroho', 'Mouly Surya']",2254.0,Marlina the Murderer in Four Acts,98%,41.0,2018.0,,,,,,,,
1439,Ralph Breaks the Internet,"['Phil Johnston', 'Rich Moore']",,"Nov 21, 2018","

                                114 minutes
                            
",,"['Phil Johnston', 'Pamela Ribon']",2257.0,Ralph Breaks the Internet,88%,247.0,2018.0,tt5848272,Ralph Breaks the Internet,2018.0,"Adventure,Animation,Comedy",7.2,70754.0,"nm0601781,nm1601882",
1441,Rodents of Unusual Size,"['Quinn Costello', 'Chris Metzler', 'Jeff Springer']",,"Sep 14, 2018","

                                71 minutes
                            
",,"['Quinn Costello', 'Chris Metzler', 'Jeff Springer']",2259.0,Rodents of Unusual Size,98%,40.0,2018.0,,,,,,,,
1442,Lean on Pete,['Andrew Haigh'],,"Apr 6, 2018","

                                121 minutes
                            
",,['Andrew Haigh'],2260.0,Lean on Pete,91%,179.0,2018.0,,,,,,,,
1443,Western,['Manuel Poirier'],,"Jul 24, 1998","

                                136 minutes
                            
",,['Jean-François Goyet'],2263.0,Western,96%,69.0,2018.0,tt8505702,Western,2018.0,"Comedy,Fantasy,Horror",6.3,16.0,nm5614790,Maccio Capatonda
1444,Blaze,['Ron Shelton'],,"Dec 13, 1989","

                                117 minutes
                            
",,['Ron Shelton'],2265.0,Blaze,95%,85.0,2018.0,tt6443294,Blaze,2018.0,"Biography,Drama,Music",6.8,1121.0,nm0000160,Ethan Hawke
1445,The Endless,"['Justin Benson', 'Aaron Moorhead']",,"Apr 6, 2018","

                                112 minutes
                            
",,['Justin Benson'],2266.0,The Endless,93%,117.0,2018.0,,,,,,,,
1446,Support the Girls,['Andrew Bujalski'],,"Aug 24, 2018","
Magnolia Pictures
",,['Andrew Bujalski'],2268.0,Support the Girls,93%,111.0,2018.0,tt6859352,Support the Girls,2018.0,"Comedy,Drama",6.5,4022.0,nm1216004,Andrew Bujalski
1447,CAM,['Daniel Goldhaber'],,"Nov 16, 2018","

                                94 minutes
                            
",,"['Daniel Goldhaber', 'Isa Mazzei']",2270.0,CAM,94%,86.0,2018.0,,,,,,,,
1448,Hearts Beat Loud,['Brett Haley'],,"Jun 8, 2018","

                                97 minutes
                            
",,"['Brett Haley', 'Marc Basch']",2271.0,Hearts Beat Loud,91%,147.0,2018.0,tt7158430,Hearts Beat Loud,2018.0,"Comedy,Drama,Music",6.9,5780.0,nm1417640,Brett Haley
1449,American Animals,['Bart Layton'],,"Jun 1, 2018","

                                120 minutes
                            
",,['Bart Layton'],2276.0,American Animals,88%,193.0,2018.0,tt6212478,American Animals,2018.0,"Biography,Crime,Drama",7.0,26721.0,nm1717925,Bart Layton
1452,Creed II,['Steven Caple Jr.'],,"Nov 21, 2018","

                                130 minutes
                            
",,"['Sascha Penn', 'Cheo Hodari Coker', 'Juel Taylor', 'Sylvester Stallone']",2279.0,Creed II,84%,271.0,2018.0,tt6343314,Creed II,2018.0,"Drama,Sport",7.3,59908.0,nm4023702,Steven Caple Jr.
1455,Dark Money,['Kimberly Reed'],,"Jul 13, 2018","
PBS
",,"['Kimberly Reed', 'Jay Arthur Sterrenberg']",2282.0,Dark Money,95%,41.0,2018.0,tt6633182,Dark Money,2018.0,Documentary,7.1,583.0,nm3141066,Kimberly Reed
